4575 5700
1158 1060 1256 1159 tv:

821 1360 828 1379 ¹
979 1371 1074 1457 Ad
1122 1373 1421 1455 Eandem.

588 1688 824 1825 Exuperius
854 1720 948 1800 milti
982 1720 1065 1799 sane
1096 1722 1148 1797 nil
1182 1725 1311 1800 venire
1340 1739 1503 1824 poterat,
1528 1740 1641 1823 quam
1670 1718 1789 1803 abella

594 1830 696 1902 'l‘vA
720 1825 890 1922 epistula,
915 1846 961 1898 ex
998 1849 1069 1922 qua
1104 1823 1247 1899 lexicon
1279 1849 1423 1910 meum,
1451 1825 1662 1925 praesertim
1689 1826 1789 1901 urtica

589 1927 692 2012 lum,
719 1950 794 2022 quo
819 1927 865 1999 de
891 1924 1127 1999 Samaritanis
1150 1929 1266 1999 narnis
1290 1924 1454 2014 dillerui,
1479 1928 1589 2013 TlBl,
1614 1922 1789 2019 destillari

590 2030 827 2123 maximeque
842 2024 1056 2123 intelligenti
1075 2023 1205 2099 harum
1223 2050 1346 2101 rerum
1362 2025 1610 2110 existimaturi,
1618 2018 1789 2123 probatur

597 2126 667 2203 ede
678 2150 752 2202 non
764 2126 836 2199 line
850 2147 982 2225 magna
1013 2126 1123 2198 animi
1141 2123 1328 2223 voluptate
1339 2125 1515 2221 intelligo.
1566 2130 1696 2225 Neque
1730 2148 1789 2202 aen

592 2232 778 2307 minorem
802 2228 1080 2299 admirationem
1106 2222 1197 2298 milti
1220 2226 1388 2300 excitauit
1418 2227 1528 2300 solida
1562 2228 1664 2307 TVA
1689 2248 1789 2303 numa

592 2351 680 2404 rum
708 2328 859 2400 Simonis
880 2323 1093 2419 explicatio,
1125 2346 1238 2421 quam
1263 2324 1355 2401 mihi
1380 2329 1472 2401 adeo
1507 2324 1586 2400 latis
1620 2322 1789 2405 feciffeld

592 2451 648 2516 aa,
674 2444 714 2502 vt
738 2449 818 2500 eam
845 2443 959 2501 totam
986 2441 1090 2498 torno
1122 2422 1229 2499 lexin·
1253 2425 1325 2500 mei
1347 2427 1419 2502 iam
1445 2424 1509 2501 sub
1536 2425 1641 2526 prelo
1675 2426 1789 2505 sudata

594 2525 824 2605 inserendam
849 2549 885 2624 p.
916 2545 1011 2601 1022
1034 2527 1077 2599 atl
1106 2536 1212 2613 1028.
1236 2528 1544 2623 curaucrim,quo
1569 2524 1789 2605 additament

597 2628 706 2704 lexici
731 2626 803 2700 mei
832 2624 1027 2740 ledoribus
1045 2622 1291 2798 &ratissimum
1319 2650 1379 2700 me
1406 2624 1522 2702 fecille
1544 2624 1717 2705 arbitror.
1761 2630 1789 2731 lg

597 2725 744 2807 nosces,
770 2724 841 2799 Vir
864 2725 1031 2801 Maxime
1078 2720 1260 2823 tuerende,
1286 2748 1357 2824 pro
1384 2723 1514 2828 infigoi
1533 2727 1634 2802 ’ΝΑ
1656 2748 1744 2828 erga
1759 2750 1789 2805 ιι

599 2825 854 2904 beneuolentia
892 2848 929 2900 ct
958 2824 1110 2901 meliora
1147 2850 1208 2901 me
1243 2822 1431 2919 edocebis,
1470 2824 1495 2901 li
1527 2823 1626 2903 forte
1659 2840 1789 2906 menter

583 2930 741 3006 TVAM
767 2922 896 3000 alicubi
931 2925 1052 3001 minua
1085 2923 1183 3001 rede
1214 2924 1416 3024 expreffam
1447 2928 1789 3018 animaduerteria,i

598 3030 702 3128 quod
730 3019 823 3102 milti
845 3028 989 3126 linguae
1011 3028 1143 3103 TvAE
1168 3026 1384 3107 vernaculae
1407 3049 1484 3105 uon
1508 3025 1589 3106 satia
1616 3023 1789 3131 gnaro,fi

600 3129 669 3207 elle
692 3129 856 3204 accidere
884 3127 1016 3226 potuit.

698 3331 835 3410 Vtrum
866 3325 971 3402 beate
1003 3321 1199 3400 defundua
1236 3320 1462 3427 Sellaegertts
1498 3328 1711 3407 vberiorem
1744 3347 1789 3406 vn

603 3454 714 3536 quam
743 3431 897 3502 ediderit
923 3424 1200 3509 refutationem,
1222 3426 1314 3500 milti
1341 3451 1416 3502 non
1444 3429 1523 3503 satis
1558 3432 1694 3528 liquem
1721 3449 1789 3530 prat

599 3550 658 3612 ter
682 3533 759 3606 eiua
784 3526 990 3625 epillolam,
1021 3537 1113 3623 qua'e
1148 3527 1251 3600 lexici
1277 3530 1389 3602 Tum.
1423 3530 1466 3605 ll.
1507 3534 1544 3604 P.
1573 3535 1601 3606 l.
1630 3555 1668 3632 p.
1695 3551 1789 3628 5141

605 3655 692 3732 515.
716 3622 845 3707 iulcrta
869 3627 939 3719 cll,
969 3623 1057 3700 nihil
1083 3628 1120 3701 in
1147 3649 1268 3703 meam
1293 3628 1393 3704 venie
1416 3630 1597 3706 notitiam.

700 3829 780 3907 Cel.
809 3822 991 3928 Tyclsenii
1012 3822 1235 3902 obiecbiones
1261 3825 1299 3901 in
1321 3830 1635 3905 commentatione
1657 3821 1789 3904 hiscell

602 3932 690 4011 teris
716 3927 898 4007 litbtuneIa
924 3949 1060 4024 potens
1096 3928 1235 4027 lugere,
1267 3949 1378 4026 quam
1411 3932 1563 4025 quidem
1589 3953 1628 4004 ea
1653 3927 1789 4005 decad

604 4031 650 4110 ad
668 4033 736 4109 TE
759 4029 986 4115 tranlmittu,
1014 4047 1053 4099 vt
1079 4029 1147 4101 viri
1178 4024 1284 4101 huius
1318 4025 1509 4104 dodiffimi
1554 4036 1712 4105 rationes
1745 4045 1789 4104 ea

603 4133 694 4212 mini
719 4133 754 4207 T
758 4131 819 4204 VO
849 4126 1095 4215 sublimantur,
1120 4123 1265 4224 hocque
1302 4127 1417 4200 modo
1448 4130 1595 4205 vberior
1627 4133 1728 4204 ’ΝΑ
1752 4127 1789 4202 di

603 4227 748 4334 quisttio
773 4230 897 4329 aliquo
924 4231 1039 4302 modo
1061 4229 1271 4315 adiuuetur,
1291 4246 1330 4306 et
1354 4231 1530 4307 maturius
1554 4253 1703 4308 mecum
1724 4245 1789 4306 coa

604 4335 783 4416 manicati
806 4348 926 4429 queat.
1122 4363 1130 4371 ·
1754 4357 1789 4434 δ

654 4533 775 4618 Noua,
794 4552 904 4630 quam
920 4521 1159 4603 liberalissime
1175 4525 1268 4604 milti
1285 4521 1499 4627 promisisti,
1521 4524 1728 4606 Pialertoni
1743 4545 1789 4632 op

604 4634 655 4711 ris
677 4633 788 4706 editio
818 4631 907 4705 nuhr
933 4630 1002 4701 erit
1027 4623 1235 4728 gracillima.
1286 4627 1402 4702 Velim
1428 4631 1563 4719 nolim,
1587 4630 1701 4706 fateor
1718 4626 1789 4728 opo

604 4751 675 4819 tet,
699 4755 758 4808 me
785 4753 917 4831 magna
943 4727 1063 4803 adhuc
1086 4749 1243 4827 operum
1268 4729 1313 4803 ad
1337 4748 1500 4802 veterem
1527 4753 1606 4803 rem
1626 4735 1789 4806 numeria

602 4835 890 4940 pertinendum,
912 4850 1006 4931 quae
1038 4833 1077 4906 in
1109 4825 1251 4933 Anglia
1283 4825 1524 4936 prodierunt,
1542 4835 1714 4931 penuria
1724 4825 1789 5008 1:ab

1750 4946 1789 5004 oa
