4575 5700
574 456 643 535 Vl·

578 627 714 705 liorum
732 648 933 729 rerumque
949 622 1217 706 vtilillimrrum
1231 624 1306 719 est,
1324 627 1417 709 curn'
1434 626 1543 709 lexici
1561 630 1636 709 mei
1657 628 1789 710 leucri

581 728 649 808 bns
667 727 1017 807 communicandum
1038 728 1335 808 existimauerim.

681 930 774 1005 Mni
790 931 939 1028 quidem
954 930 997 1003 ad
1013 927 1112 1004 hunc
1127 928 1225 1005 diem
1244 953 1318 1005 non
1338 944 1414 1005 tem
1438 927 1535 1008 felici
1549 929 1617 1007 effe
1635 928 1789 1031 contigit

582 1052 624 1104 vt
642 1031 874 1120 immortalia,
897 1031 1044 1127 quaein
1066 1029 1251 1127 publicum
1270 1028 1429 1120 edidisti,
1456 1056 1568 1128 opert
1611 1030 1789 1107 olsrdeam:

583 1130 667 1217 scel,
692 1158 773 1204 curn
800 1127 916 1227 Lipsta
943 1154 1088 1203 mecum
1111 1133 1156 1203 nd
1181 1130 1362 1227 perbreue
1377 1132 1556 1230 temporis
1572 1057 1728 1231 {betium
1745 1130 1789 1206 illl

583 1232 717 1304 vtendn
736 1228 1077 1313 transmitterentur,
1108 1253 1154 1304 ex
1173 1230 1215 1304 ile
1233 1230 1328 1307 haud
1349 1230 1472 1318 aliter,
1498 1254 1538 1306 ac
1555 1233 1653 1305 canis
1670 1257 1691 1304 e
1708 1232 1789 1315 Niln

584 1327 730 1405 haurire
752 1352 928 1428 pnrerarn.
983 1325 1120 1425 Quodsi
1145 1322 1268 1429 itaqtle
1289 1330 1482 1427 nonnullas
1500 1328 1624 1425 pallum
1646 1326 1789 1407 doulli-

585 1454 730 1504 marum
756 1433 961 1504 Tvnuvnt
987 1430 1271 1527 explicationem
1292 1427 1535 1530 praetermisi,
1560 1431 1596 1505 id
1626 1456 1687 1505 me
1712 1450 1789 1505 tem

506 1548 512 1565 ‘
617 1555 689 1602 ons
714 1530 872 1627 angnllr'a
898 1530 1081 1614 cordium,
1106 1552 1182 1615 non
1206 1554 1296 1603 vero
1312 1554 1380 1627 per
1393 1531 1569 1606 incuriam
1585 1528 1723 1614 fecllle,
1746 1552 1789 1605 ve

583 1554 648 1703 iim
667 1628 860 1703 exillimes.
913 1627 1071 1706 Fort'alle
1085 1630 1122 1701 in
1140 1626 1325 1728 posterum
1344 1626 1611 1730 benigniorem,
1632 1628 1789 1730 praester

585 1724 714 1805 tirlrmr
736 1732 833 1802 TVA
850 1736 974 1825 opera,
989 1728 1120 1827 anbus
1137 1729 1259 1806 rdhuc
1272 1733 1475 1827 aegerrime
1488 1733 1587 1805 cerui
1602 1749 1641 1804 et
1659 1730 1705 1805 td
1724 1750 1789 1828 pen

587 1826 1163 1929 finiendum-vperpoliendumque
1176 1854 1302 1905 meum
1326 1830 1468 1905 lexicon
1484 1829 1636 1928 posthac
1652 1832 1789 1903 omniur

589 1954 666 2002 nnn
691 1954 813 2003 carere
830 1952 978 2025 potero,
991 1932 1038 2011 ,in
1057 1932 1252 2008 Germania
1272 1927 1392 2027 nostra
1408 1931 1619 2009 inueniendi
1642 1928 1789 2031 mihique

589 2033 744 2130 parandi
756 2024 980 2107 occrsronem
996 2023 1186 2109 nanciscar,

694 2229 857 2307 Tabulae
874 2231 1003 2309 Tvnu
1020 2229 1216 2307 additionis
1230 2229 1274 2307 ad
1295 2228 1433 2309 Sicilire
1450 2254 1598 2317 numos,
1625 2251 1717 2328 quas
1740 2226 1789 2321 mi

591 2327 633 2405 hi
650 2331 749 2403 ‹lnno
769 2330 1167 2407 mittereliberalill'rme
1185 2328 1399 2432 promisisti,
1423 2353 1532 2407 erunt
1553 2329 1643 2407 mibi
1662 2324 1789 2428 gentili

591 2453 693 2515 rnae,
718 2453 929 2530 quantoque
945 2450 1028 2506 cum
1051 2431 1172 2509 frusto
1193 2454 1252 2507 era
1267 2430 1510 2526 adhibuerim,
1525 2455 1573 2509 ex
1595 2454 1711 2531 opere
1728 2450 1789 2507 mel

559 2622 563 2631 Ι
590 2529 669 2628 iple
684 2534 821 2631 poterit
845 2530 1062 2633 perspicere.
1135 2570 1138 2577 ·

569 2782 573 2791 ·
699 2733 738 2803 ln
756 2730 928 2807 nundinis
944 2726 1187 2833 Liplie'nltbue
1200 2727 1342 2814 vernis,
1368 2752 1443 2804 non
1462 2724 1526 2804 sub
1544 2732 1633 2805 noui
1658 2728 1789 2807 annito

594 2826 732 2932 spiclis,
760 2855 798 2905 vt
815 2832 988 2908 mendose
1003 2836 1046 2907 ad
1066 2830 1177 2907 finem
1191 2828 1434 2928 'praefaminie
1456 2830 1607 2928 legitur,
1634 2833 1671 2907 in
1695 2832 1789 2907 lucen

595 2931 684 3004 exiit
703 2958 841 3006 nouurn
867 2933 971 3008 lexici
988 2935 1060 3008 mei
1083 2931 1277 3015 volumen,
1304 2933 1404 3030 quod
1421 2931 1558 3004 litteras
1575 2933 1631 3005 PR
1646 2971 1696 2990 -
1709 2928 1789 3028 ,ΒΑΜ

596 3029 867 3134 eompleditur,
919 3036 1021 3129 Quae
1045 3033 1092 3108 de
1119 3036 1239 3106 nuruis
1260 3031 1494 3106 samaritanis
1519 3031 1555 3104 in
1581 3056 1627 3105 eo
1652 3029 1789 3120 differri,

599 3134 863 3227 praetereunda
879 3131 966 3207 mibi
988 3133 1137 3228 quidem
1154 3155 1230 3203 non
1247 3131 1475 3214 videbuntur,
1504 3129 1714 3225 praesertim
1728 3149 1789 3206 cun

595 3227 924 3307 Reuerendill'tinus
945 3227 1116 3331 Bayerius
1139 3231 1174 3302 in
1196 3228 1381 3326 praeclaro
1404 3225 1465 3304 suo
1484 3252 1599 3325 opere
1626 3233 1672 3306 de
1695 3229 1789 3308 numi

543 3383 547 3390 ·
593 3327 757 3405 Ebrceo·
769 3331 996 3405 Snmnrittnis
1017 3355 1085 3430 pro
1099 3327 1227 3430 inligni
1243 3327 1301 3404 sun
1320 3351 1444 3403 rerum
1471 3328 1707 3426 intelligentie
1722 3327 1789 3406 lece

596 3427 667 3514 til,
690 3445 726 3500 rt
748 3427 983 3516 dubitationi,
1010 3425 1119 3528 qua'rn
1145 3429 1212 3506 cel.
1241 3423 1483 3528 Sellaegerus,
1513 3427 1720 3530 Zychserriur
1740 3427 1789 3505 nl

597 3552 672 3627 que
693 3526 815 3624 plures
842 3530 1042 3606 decorum
1072 3525 1271 3604 lincerittte
1291 3551 1500 3616 mouerunt,
1523 3529 1627 3606 locus
1650 3555 1725 3606 non
1741 3551 1789 3606 tm

552 3635 555 3648 '
595 3628 692 3727 plins
720 3628 957 3726 relinquntur.
1041 3633 1225 3706 Praeterea
1252 3625 1475 3704 dodillrmur
1498 3629 1656 3730 Anglus,
1685 3629 1789 3707 Same

595 3723 753 3826 Henlry,
779 3727 868 3803 mni
890 3731 990 3806 dono
1006 3726 1100 3806 miso
1124 3725 1359 3828 opusculum,
1381 3755 1456 3828 quo
1478 3731 1715 3807 continentur
1729 3749 1789 3830 quo

596 3829 770 3905 rumdam
806 3853 1003 3908 nemorum
1034 3832 1340 3906 Samaritanorum
1374 3831 1650 3926 explicationes,
1687 3831 1789 3930 quibo

597 3926 668 4005 bac
685 3929 721 4003 in
739 3953 778 4003 re
803 3933 968 4006 nondum
996 3930 1167 4028 omnibus
1185 3923 1458 4008 difficultatibus
1478 3931 1649 4031 expedita
1676 3925 1789 4035 infigu'

595 4043 656 4105 ter
678 4053 738 4106 mc
753 4032 917 4110 adiutum
933 4029 1013 4124 else,
1029 4035 1186 4138 ingenue
1203 4025 1397 4110 confiteor·

695 4223 1023 4318 Reueren'dilsrmns
1046 4239 1245 4328 Antonius,
1272 4235 1474 4340 Episcopus
1497 4237 1720 4340 Tyenenfis,
1735 4252 1789 4330 ,ou

595 4335 713 4414 solnm
727 4341 774 4416 ad
793 4341 1058 4418 continuandos
1075 4346 1110 4416 in
1126 4366 1165 4417 re
1183 4339 1429 4418 ntrmismnticr
1445 4341 1586 4420 ltb'oret
1607 4369 1668 4420 me
1684 4338 1789 4432 noni

595 4439 743 4537 pridem
771 4463 837 4540 per
862 4441 997 4517 litterta
1021 4437 1172 4516 mirifice
1195 4443 1380 4525 excitauitt
1420 4437 1479 4516 sed
1504 4464 1645 4521 ttntnm
1674 4457 1789 4540 qunqt

595 4536 701 4619 sunnl
723 4536 818 4616 suam
846 4542 883 4616 in
902 4565 961 4618 me
976 4543 1115 4618 erllnre
1143 4541 1260 4616 voluit
1284 4539 1553 4635 liberalitatem,
1574 4565 1614 4619 vt
1628 4565 1675 4618 ex
1696 4541 1789 4616 inlln

596 4627 749 4716 diffirno
786 4639 849 4716 sun
877 4640 1000 4719 museo
1026 4641 1219 4718 DCXVlll.
1250 4665 1383 4716 numos
1418 4637 1560 4744 optime
1590 4639 1789 4719 constratu

596 4742 937 4824 munerimitteret.
988 4745 1130 4824 Praeter
1151 4766 1265 4818 vnum
1286 4766 1465 4841 perquam
1489 4743 1648 4820 nitidum
1668 4753 1789 4820 numu!

596 4841 757 4942 bruttiae
769 4865 935 4938 vaurum,
960 4865 1073 4946 quern
1096 4843 1165 4922 cel,
1190 4842 1420 4926 Nemeaeus
1440 4846 1533 4949 Pop.
1552 4845 1702 4926 lluml.
1713 4867 1740 4948 p
1760 4837 1789 4922 el
