4575 5700
579 573 590 586 ,
722 490 806 574 suh
1050 508 1054 519 '
1291 536 1295 547 ¹
1362 500 1446 576 solt
1621 516 1696 602 748

565 668 577 744 )
606 660 736 747 Gaffeme
753 668 787 729 ll.
807 684 838 745 p.
863 666 954 748 ape.)
978 654 1060 729 l'lnr·¹
1093 665 1188 742 ipsum
1207 665 1394 731 Demetrium
1409 670 1524 732 soteria
1539 671 1692 744 Apollinie

568 750 663 823 Oper.
684 751 744 811 Sel.
767 766 798 824 p.
820 752 911 829 582.)
934 747 1058 827 Mosell.
1092 748 1199 811 habltu
1218 738 1455 811 inibl'er'thiberl.
1485 751 1610 819 Verum,
1627 770 1690 829 quo
1726 782 1729 787 ·
1771 770 1775 777 ’

571 833 651 907 Reg.
673 849 704 905 p.
726 832 776 910 6.)
799 827 948 913 Spondere.
972 830 1057 892 Pn'l.
1092 831 1190 891 minue
1210 832 1240 913 in
1269 849 1334 895 cam
1362 832 1532 905 sententiam
1559 830 1690 894 discedo·

566 911 652 991 .)M.
674 909 823 993 Theupp.
845 912 954 991 1225.)
968 908 1057 974 Varii.
1092 924 1159 982 ret,
1181 911 1352 986 prohibitus
1360 912 1581 984 obseruatione,
1592 916 1688 986 Apol·

565 1014 579 1055 ⁴.
603 993 714 1059 Hiilor.
731 994 839 1067 paffim.
1045 1012 1051 1023 ’
1091 992 1182 1053 linem
1205 996 1362 1054 commune
1388 994 1506 1070 Regum
1531 996 1635 1071 Syriae
1655 996 1687 1057 iu

1090 1074 1189 1133 veteri
1210 1084 1279 1134 aere
1294 1086 1478 1151 argentoque
1493 1075 1549 1135 elle
1565 1075 1688 1150 symbo-

565 1149 710 1212 ioehusll.
721 1152 780 1213 Dei
797 1154 976 1228 cognomine
986 1153 1057 1215 alias
1091 1154 1171 1225 ium
1202 1154 1238 1213 ad
1262 1156 1416 1214 veritatem
1441 1157 1598 1216 reuocauit
1621 1157 1685 1216 aul·-

565 1247 629 1307 tur,
650 1247 684 1294 vt
699 1235 863 1295 Seleucidle
881 1237 989 1307 campet
1005 1235 1056 1296 ad·
1090 1250 1181 1295 mrum.
1215 1234 1342 1308 Accepit
1361 1252 1466 1309 nempe
1492 1235 1552 1296 hoc
1570 1250 1685 1313 cogno·

566 1329 680 1386 aretur,
695 1316 779 1375 iubet
803 1312 951 1395 Spondere.
970 1315 1018 1375 Pr.
1029 1316 1054 1376 l.
1089 1330 1157 1374 men
1181 1312 1351 1378 Demetrius
1373 1316 1425 1375 llle
1449 1333 1465 1375 a
1494 1316 1683 1392 babyloniis,

565 1396 1054 1553 uultlnltullun
1088 1395 1161 1535 {tl
1178 1398 1524 1567 utuuul‘luu
1547 1394 1685 1538 leitil:

568 1554 665 1638 mplr.
689 1555 844 1617 Prideoare
867 1557 945 1618 inter
969 1559 1051 1617 Mar·
1088 1558 1184 1633 daque
1212 1558 1241 1617 in
1266 1559 1368 1635 fugam
1398 1559 1535 1619 conlecto
1561 1553 1683 1619 Timar-¹
1753 1556 1759 1589 ¹

571 1638 754 1698 Oroniensra
781 1637 826 1699 rs.
862 1650 930 1700 101.
965 1638 1050 1699 editi.
1088 1636 1177 1698 chum
1207 1641 1371 1712 rebellem,
1414 1639 1465 1716 qui
1504 1640 1682 1713 Babyloniis

565 1718 722 1778 tdmodum
754 1734 829 1778 vero
855 1716 1007 1779 Har-duim.
1021 1720 1054 1779 in
1087 1718 1301 1792 praefecturam
1337 1736 1426 1782 aurare
1463 1722 1683 1800 crudeliterque

566 1802 610 1859 ol.
633 1798 673 1858 V.
691 1799 733 1860 Τ.
754 1799 804 1860 uel
820 1798 913 1872 Oper.
942 1801 1003 1861 sel.
1020 1816 1051 1874 p.
1087 1799 1359 1877 administrauerat,
1379 1800 1542 1865 occldiffet.
1644 1858 1647 1865 .

565 1922 578 1956 1.
602 1879 662 1939 hos
676 1879 756 1953 ipsos
777 1880 879 1940 versus
897 1894 1053 1955 perperam

565 1974 693 2031 retatus,
730 1976 766 2020 ex
811 1962 931 2021 duobus
960 1977 1052 2021 vnum
1126 1956 1256 2042 Populum
1282 1956 1426 2020 Romanas
1449 1961 1592 2025 salutatum
1612 1956 1683 2023 Sera

565 2041 599 2099 rit
619 2040 803 2101 Antiochum
814 2060 831 2111 ‚·
845 2040 1000 2117 postquam
1017 2041 1054 2100 il·
1085 2046 1176 2100 notui·
1206 2057 1223 2101 u
1257 2041 1489 2104 Laodicenfibuu
1526 2042 1684 2104 tumerem

565 2124 659 2180 ‘heum
681 2138 718 2180 ex
741 2119 846 2200 Syriae
868 2122 986 2198 Regum
1003 2136 1051 2182 ca·
1085 2122 1247 2195 marmore,
1275 2123 1360 2183 errius
1374 2122 1598 2198 inscriptionem
1616 2122 1684 2183 'edi-

584 2203 755 2262 deleuerat:
776 2201 818 2260 ita
841 2203 931 2262 etiam
958 2201 1051 2282 Spera·
1084 2201 1129 2263 dit
1141 2204 1274 2263 mutilam
1285 2199 1371 2285 Spem.
1382 2202 1505 2283 Voyag.
1522 2205 1547 2264 l.
1565 2220 1595 2279 p.
1609 2202 1686 2343 zrdal

565 2283 716 2341 ahumani
737 2282 808 2359 quid
833 2281 941 2356 passum
966 2283 1050 2343 dole·
1084 2298 1173 2360 quatu
1188 2284 1418 2361 verointegram
1433 2284 1599 2362 diuulgauit
1638 2298 1687 2347 ee.

565 2358 755 2434 arbitritum,
784 2362 968 2423 Antiochum
988 2371 1052 2423 ertu
1087 2358 1220 2437 Homer.
1241 2364 1319 2426 Not.
1337 2366 1374 2424 ael
1389 2361 1439 2425 See
1459 2362 1528 2424 boni
1551 2359 1637 2425 ibana
1650 2366 1682 2437 p.

566 2446 615 2512 ipe
632 2460 648 2501 a
663 2444 833 2519 Smyrnaeis
850 2442 1054 2525 Magnetibus·
1090 2450 1160 2517 187.
1202 2444 1274 2505 Hoc
1290 2447 1400 2517 zerim
1426 2446 1517 2506 titulo
1540 2443 1684 2519 adpellari

565 2524 763 2597 ›llaudatum‚
799 2521 879 2582 haud
904 2522 1051 2585 diuersum
1085 2524 1154 2586 sunt
1189 2526 1345 2606 Quirites,
1382 2526 1464 2602 quod
1501 2522 1684 2589 Laodicenis

565 2630 569 2657 u
595 2604 749 2664 Antiocho
770 2604 803 2663 ll.
834 2618 922 2679 quem
954 2605 1048 2681 uulgo
1083 2604 1171 2666 saluti
1192 2606 1316 2678 fuerint,
1338 2605 1477 2669 libertate
1491 2606 1552 2669 suis
1564 2604 1684 2684 legibue

565 2685 729 2758 lpellamur.
779 2683 942 2744 Marmorir
968 2684 1048 2744 enim
1082 2687 1126 2748 vti
1143 2684 1213 2760 iplia
1232 2685 1379 2749 corcella.

565 2782 589 2824 ee
609 2765 801 2841 respexerunt
813 2762 904 2826 buius
919 2778 1047 2839 petrem.

1127 2841 1316 2908 Triumuiros
1340 2842 1519 2930 reipublicae
1542 2842 1685 2924 constitu:

565 2924 668 2984 tetrius
683 2925 707 2984 l.
730 2926 819 2986 Soter
839 2925 868 2986 in
885 2925 1048 2987 nilmisun·
1082 2925 1192 3002 tudae,
1216 2924 1378 3009 Lepidum,
1399 2928 1557 2987 Antonium
1577 2942 1606 2988 et
1620 2931 1684 3007 Att-

565 3021 575 3065 r
606 3020 795 3066 uuuurrror
828 3021 977 3066 corraeos
999 3008 1049 3068 vel
1080 3005 1214 3091 gustum,
1239 3005 1430 3068 Structorem
1451 3019 1558 3070 ornatu
1583 3008 1681 3069 hone·

567 3086 737 3159 inscrlptie,
757 3103 834 3163 quos
860 3087 1050 3150 exhibuimus
1083 3091 1176 3149 stator
1193 3089 1332 3150 videmur
1362 3089 1393 3148 in
1422 3087 1553 3165 antiquie
1574 3101 1684 3150 monui

566 3208 574 3225 .
593 3168 633 3228 T.
659 3166 693 3225 ll.
714 3185 744 3240 p.
772 3185 830 3230 122
855 3169 892 3228 ad
918 3170 986 3230 126.
1008 3199 1051 3218 ·-
1083 3169 1192 3231 mentio
1212 3170 1375 3234 immerito,
1390 3170 1501 3246 quippe
1520 3169 1572 3246 qui
1584 3184 1683 3246 neque

565 3264 617 3327 ξεν.
641 3245 813 3309 Commcnt.
833 3248 869 3310 de
898 3249 955 3309 diis
980 3251 1050 3312 Ser·
1084 3251 1244 3311 clementia
1263 3262 1314 3311 aut
1333 3250 1562 3317 moderatiene,
1582 3264 1684 3340 neque

588 3330 645 3403 ig..
666 3347 717 3401 40.
740 3345 770 3403 p.
793 3330 844 3396 68.
869 3329 1049 3391 delineatum
1084 3331 1174 3391 etiam
1199 3329 1374 3396 beneficiis,
1395 3329 1445 3390 sed
1465 3331 1577 3390 ciuium
1599 3330 1697 3414 opti·¹

565 3408 739 3485 lnymianum
765 3426 884 3470 murnum
908 3410 970 3471 Th.
996 3413 1046 3472 Br.
1082 3427 1201 3471 morum
1220 3413 1341 3476 credat,
1358 3409 1551 3484 pecuniarum
1567 3409 1682 3484 raplole

574 3506 600 3566 5.
620 3493 662 3566 ig.
689 3506 721 3551 o.
740 3507 769 3564 p.
793 3501 843 3565 57.
870 3502 944 3567 typo
960 3491 1049 3565 plane
1083 3506 1173 3570 atque
1205 3492 1292 3552 tetrie
1334 3487 1564 3568 crudelibusque
1592 3491 1682 3552 facile

565 3571 589 3627 ri
617 3570 819 3642 conspicuum.
871 3573 988 3647 Grypi,
1017 3575 1047 3635 ln
1081 3572 1150 3633 sunt
1167 3572 1337 3637 nobilitati,
1360 3571 1499 3644 speetam
1512 3573 1572 3632 huc
1585 3571 1683 3644 numi,

565 3664 674 3720 aparte
693 3667 769 3726 quae
787 3667 953 3724 comparet,
973 3652 1048 3729 dgu·
1081 3669 1190 3730 magno
1211 3667 1336 3713 numero
1358 3652 1547 3722 superstites,
1568 3653 1598 3711 in
1615 3652 1684 3728 qui·

565 3730 573 3786 l
593 3732 784 3804 Apollinem,
808 3733 855 3791 cui
879 3732 1046 3793 fabulosum
1079 3733 1136 3795 bus
1157 3732 1285 3810 SALVS¹
1305 3731 1483 3792 GENERIS
1505 3732 1631 3792 HVMA

565 3826 674 3871 ererum
696 3828 789 3888 genua
806 3811 1050 3876 cousecrauerant
1081 3811 1394 3892 impotentiuipsorum
1413 3813 1615 3873 dominationi
1630 3826 1683 3878 ac,-

565 3890 658 3964 lti0s13
695 3907 801 3952 ceruae
824 3905 922 3952 autem
944 3907 1047 3969 ceput,
1082 3907 1171 3967 cepta
1197 3893 1339 3952 refertur.
1381 3891 1474 3952 Tales
1505 3893 1611 3964 Lepidi
1629 3909 1682 3951 ex·

565 3971 623 4030 lice
648 3973 810 4047 signatum,
844 3975 880 4031 ad
906 3973 1044 4042 Dianam,
1080 3973 1231 4035 hibuimus
1253 3988 1361 4032 numos
1382 3971 1456 4035 Lex.
1480 3990 1512 4034 n.
1530 3973 1572 4033 Τ.
1588 3973 1621 4033 11.
1643 3970 1680 4032 l'.

565 4067 592 4123 ι,
620 4068 637 4109 a
660 4053 805 4129 Syrorum
828 4054 951 4113 natlene
973 4071 1044 4130 prae
1080 4054 1380 4128 ll.p.1613.1614.
1402 4051 1475 4113 coll.
1490 4052 1564 4132 Lex.
1590 4070 1617 4114 n.
1637 4053 1680 4115 Τ.

576 4130 711 4211 religiose
722 4133 801 4194 culta
816 4133 975 4208 respicere,
987 4153 1048 4196 nnn
1081 4133 1140 4204 JV.
1168 4151 1198 4207 p.
1228 4133 1317 4194 166⁶.
1348 4148 1513 4210 eorumque
1540 4133 1682 4212 bigama

565 4229 627 4272 rus.
652 4245 691 4258 -
746 4212 845 4273 Aliam
872 4214 909 4274 Ε.
927 4233 958 4276 e.
979 4215 1048 4277 listit
1084 4213 1187 4274 Golaio
1208 4214 1237 4274 in
1255 4215 1333 4292 Aug.
1359 4215 1421 4274 Tb.
1444 4230 1494 4290 24.
1514 4212 1578 4292 igg.
1599 4230 1629 4293 5.
1647 4219 1683 4280 8.·

582 4295 617 4353 de
648 4290 790 4354 Brutinci
817 4296 919 4370 Suppl.
949 4313 979 4370 p.
993 4301 1045 4362 28.
1081 4296 1210 4370 editam,
1229 4291 1442 4370 chalcographi
1467 4309 1555 4354 manu
1576 4297 1606 4355 ln
1626 4311 1680 4356 aee

565 4376 639 4447 rpite
663 4377 748 4451 lupi,
769 4375 838 4434 inde
864 4377 961 4449 capite
978 4393 1046 4437 cro·
1080 4371 1271 4436 incidendum
1302 4376 1421 4435 curauit
1454 4370 1618 4457 Sellaeger.
1640 4376 1682 4436 de

566 4477 574 4516 ,·
595 4456 694 4515 addita
719 4456 805 4516 dimili
835 4460 928 4532 epigr.
960 4473 1046 4521 oucu-
1080 4458 1137 4516 dlis
1150 4456 1361 4518 Conseruntur.
1378 4455 1442 4530 fgp.
1457 4472 1509 4531 4¹·
1526 4472 1574 4530 42.
1588 4474 1616 4531 p.
1625 4471 1679 4531 72.

576 4552 764 4596 nuruurrrror
809 4551 967 4598 rnruror.
1004 4567 1047 4584 -·
1079 4538 1113 4598 ln
1148 4537 1243 4612 priori
1274 4539 1309 4596 ad
1343 4536 1497 4608 Apolilnie
1526 4539 1680 4612 tripodem

568 4635 585 4675 n
606 4617 754 4678 Demetrii
771 4616 858 4678 huius
878 4620 975 4679 uumiu
995 4634 1045 4677 ra·
1079 4617 1135 4678 ilat
1156 4614 1303 4698 Lepidus,
1326 4616 1434 4675 lituum
1463 4632 1551 4677 manu
1570 4632 1678 4678 tuncne

565 4699 718 4774 agnomine
744 4697 876 4772 notatis,
898 4699 1044 4774 conspici·
1080 4711 1169 4774 atque
1186 4715 1253 4757 cum
1269 4697 1395 4756 Artenia
1411 4693 1594 4778 Angustaque
1610 4700 1681 4760 foe·

566 4779 641 4846 olio,
663 4779 893 4854 cuiueinraginie
905 4781 1044 4857 frequen·
1080 4779 1135 4838 dus
1154 4778 1233 4836 icere
1251 4777 1390 4849 videtur3
1410 4794 1447 4838 ex
1462 4795 1523 4858 quo
1541 4781 1585 4839 vti
1602 4793 1680 4840 tem·

591 4859 792 4931 suspicandum
828 4874 921 4933 paene
947 4860 1046 4921 fuillet
1079 4874 1187 4934 porum
1202 4859 1377 4919 felicitatem
1394 4862 1620 4936 ubertatemque
1632 4875 1668 4930 pe

575 4937 660 5002 liele
677 4940 780 5006 Gothi
798 4956 912 5005 numer.
923 4957 954 5017 p.
975 4957 1044 5009 ιη.
1079 4955 1153 5083 ¹³¹2
1158 4942 1291 5001 omnium
1300 4937 1418 5017 sperate
1430 4940 1586 5016 iubebant,
1597 4936 1682 5017 quod

1166 5034 1225 5099 ae
1614 5033 1684 5081 eru·
