4575 5700
539 436 638 586 1023
768 488 878 561 'SiM
1126 452 1130 459 ¹
1428 494 1510 567 sud
1673 511 1766 573 rozo

531 656 587 719 sex
608 654 752 715 maximus
774 655 852 715 haud
869 654 1057 716 consecratus
1079 655 1134 717 esse
1169 655 1464 717 monemsanstuario
1482 658 1610 719 nitorem
1630 659 1769 721 addidisse

532 738 686 799 videatur.
718 735 757 796 Et
785 754 851 796 cum
879 738 978 798 Leuit.
1009 736 1135 809 Vlll,5
1172 734 1285 796 etvasa
1307 736 1387 797 sacra
1404 738 1507 811 templi
1530 738 1648 811 spoliati
1670 742 1767 801 denuo

516 833 596 878 ¹etc.
623 818 660 876 de
685 818 814 877 daronis
835 818 1062 893 inauguratione
1085 817 1135 875 sub
1171 816 1296 887 auxlsle3
1332 818 1425 889 licet,
1470 819 1593 889 primam
1637 821 1766 880 daronis

532 896 670 971 auspicia
702 899 833 957 muneris
868 896 911 957 sui
950 912 1148 970 exponatura·
1170 897 1422 972 inaugurationem
1444 900 1481 956 ad
1504 898 1646 958 summum
1671 900 1767 960 sacer·

531 996 644 1041 numus
671 976 700 1036 in
728 979 829 1036 fronto
854 978 929 1035 libri
957 972 1068 1053 Brycri
1099 994 1134 1036 ex
1170 978 1284 1035 dotium
1312 980 1400 1035 ritum
1426 980 1658 1050 perpetuandum
1681 981 1766 1040 etad

532 1072 621 1135 parte
635 1058 817 1121 ¹nliussonem
844 1058 880 1115 ad
898 1056 975 1116 hauc
991 1057 1136 1116 caerimo-
1171 1057 1259 1137 ipsius
1275 1056 1452 1117 successores
1463 1060 1678 1119 extendendum
1693 1060 1765 1134 esse,

534 1140 615 1199 niam
646 1139 793 1198 continet.
848 1135 934 1197 Parte
964 1139 1061 1196 antica
1088 1154 1137 1195 re·
1171 1136 1249 1197 haud
1264 1136 1365 1198 lullum
1383 1136 1483 1203 suerit,
1501 1140 1597 1199 Eroti.
1613 1140 1679 1213 XL,
1698 1150 1744 1214 ις.

535 1220 739 1293 praesentatur
751 1235 854 1276 corona
873 1212 1022 1298 pontificis
1032 1217 1152 1275 ‘unxi-⁸

538 1299 600 1365 ui,
630 1314 717 1375 quam
752 1294 883 1377 Iosephus
911 1314 1028 1357 auream
1050 1290 1134 1357 fuisse
1212 1294 1339 1369 unyerus
1359 1294 1439 1357 Tnb.
1465 1296 1491 1363 s,
1515 1312 1610 1359 rna.
1633 1298 1711 1357 Tab.
1729 1290 1763 1365 ll,

537 1380 702 1439 memoriae
719 1379 864 1451 prodidit,
888 1376 972 1451 supra
992 1377 1133 1437 cuiurfo-
1174 1392 1199 1436 r.
1210 1372 1300 1453 stolus
1321 1376 1503 1437 diuersorum
1525 1394 1670 1439 annorum
1696 1390 1765 1451 pro·

534 1460 574 1519 sia
596 1458 708 1517 calices
740 1460 819 1516 aurei
852 1452 1136 1537 eminebauttsolia
1170 1459 1239 1516 tulit
1260 1453 1621 1533 etimplicituvulgarem
1642 1458 1763 1531 opinio-

532 1540 595 1613 spsa
615 1555 650 1597 vr
668 1532 849 1614 hyoscyamus
870 1540 999 1599 formata
1023 1550 1053 1595 et
1070 1554 1135 1617 eru·
1169 1554 1236 1596 uem
1256 1536 1298 1595 est
1316 1540 1487 1609 ampiexus,
1509 1556 1611 1598 eorum
1630 1538 1765 1613 symbola

529 1636 585 1683 cae
608 1620 715 1678 fimilia
738 1624 830 1677 erant.
878 1626 881 1635 '
1170 1614 1334 1699 amphoram
1346 1616 1490 1690 Marinae,
1501 1634 1577 1695 quae
1589 1620 1618 1677 in
1635 1618 1767 1679 sindua-

571 1732 672 1795 Cons.
693 1726 765 1795 ,Tm
787 1726 894 1806 abuſsi
926 1726 1002 1804 pust,
1059 1728 1135 1792 pm
1170 1698 1217 1757 rio
1236 1698 1414 1771 ponebatur,
1427 1696 1626 1793 denotamur
1642 1699 1765 1793 Iudaico

526 1828 600 1875 curn
632 1824 698 1870 not.
732 1828 761 1869 et
783 1828 943 1872 comment.
971 1808 1000 1869 lo
1027 1744 1137 1871 dodaci
1170 1779 1293 1871 P⁰P¹¹¹⁰,
1311 1780 1421 1837 fl⁰¹⁰⁰³
1446 1795 1531 1853 *mil
1558 1780 1707 1838 Amici
1734 1795 1766 1838 ¹¹¹

524 1910 543 1957 a
561 1895 685 1973 Stapei.
704 1907 735 1964 p.
750 1908 823 1972 749,
1170 1872 1343 1917 metuortam
1358 1872 1549 1918 reuocaretur
1556 1878 1567 1929 ,·
1587 1876 1649 1935 quo
1666 1874 1766 1919 ramcu

1172 1940 1213 1999 nil
1236 1938 1329 2013 magia
1352 1950 1460 1996 aveto
1481 1940 1608 1999 alienum
1633 1939 1688 1999 esse
1708 1954 1765 2011 poe

565 2020 852 2097 Nilcongruentius
862 2017 917 2080 esse
929 2020 1037 2095 potest,
1049 2036 1136 2095 quam
1161 2018 1236 2077 ·test.
1276 2018 1404 2077 Primum
1427 2020 1504 2077 enim
1522 2018 1543 2077 st
1562 2020 1681 2079 vasculo
1695 2020 1765 2093 illo,

514 2102 703 2183 symbolum
718 2101 935 2175 partiposlicae
957 2100 1136 2174 impressum,
1172 2099 1253 2175 qttod
1278 2099 1310 2158 sn
1336 2106 1427 2159 tiumo
1450 2099 1600 2172 cernitur,
1629 2096 1766 2181 amphora

516 2184 616 2263 quod
642 2180 718 2241 lauri
739 2180 887 2241 ablutioni
905 2180 1063 2257 religiosae
1085 2183 1136 2238 de·
1172 2176 1303 2237 Manere
1324 2176 1555 2255 fignificaretur:
1576 2180 1766 2240 neeesieom-

512 2262 631 2333 minati
645 2259 771 2333 speciem
786 2260 896 2321 habere
912 2260 1043 2331 videtur,
1053 2262 1136 2320 iuxta
1170 2260 1242 2319 uino
1264 2258 1351 2332 esset,
1382 2268 1417 2318 vt
1445 2258 1476 2319 in
1505 2259 1643 2319 omnibus
1667 2261 1765 2321 ttumid

515 2344 622 2407 Enod
645 2342 709 2407 XL,
735 2354 864 2419 aa··15.
894 2334 925 2400 id
945 2342 1027 2417 quod
1052 2354 1132 2415 vtra-
1171 2336 1293 2399 diuerfir
1322 2340 1436 2411 semper
1462 2344 1595 2399 eamdem
1622 2341 1765 2401 retineret

518 2440 591 2504 que
603 2420 950 2501 inscriptiomaguopere
966 2421 1131 2482 confirmat.
1166 2422 1312 2491 sormam3
1342 2423 1423 2497 quod
1443 2433 1541 2481 tamen
1563 2420 1654 2497 louge
1678 2422 1765 2482 aliter

824 2510 826 2515 '
1165 2500 1311 2562 sehabet.
1349 2502 1399 2562 ilc
1418 2494 1439 2561 si
1460 2502 1766 2577 Aarouieavirgade·

569 2574 708 2658 Bayerer
737 2597 769 2654 p.
797 2594 851 2660 141
880 2578 941 2641 Tb.
974 2578 1005 2645 6.
1031 2580 1075 2654 sp.
1103 2596 1132 2646 a,
1168 2594 1343 2641 notaretur:
1374 2582 1534 2643 similitudo
1557 2584 1701 2658 quaedam
1718 2582 1765 2641 llll

512 2660 806 2729 narmumnonfine
823 2660 946 2721 audacia
964 2663 1135 2739 quadamab
1168 2677 1236 2721 eum
1267 2661 1432 2737 archetypo
1462 2664 1646 2722 intercedere
1673 2663 1762 2723 debe·

512 2744 594 2819 spso
620 2742 798 2802 illuslratum
821 2744 949 2814 profert.
991 2740 1062 2802 Para
1082 2758 1133 2799 an·
1167 2754 1235 2813 ret3
1265 2743 1455 2808 cailtanum,
1490 2742 1632 2803 uidelicet
1660 2744 1763 2821 virgae

512 2826 587 2888 tica
611 2822 815 2897 repraesentat
836 2836 964 2898 quatuor
987 2821 1132 2882 columel-
1167 2822 1396 2900 amygdalinae,
1425 2822 1467 2882 cst
1486 2824 1683 2889 dissimillima.

515 2907 587 2976 lae,
610 2901 863 2975 minumus,
886 2908 935 2981 3⁶·
958 2902 1132 2976 descriptas,
1731 2909 1734 2916 '

519 2985 650 3064 quibus·
673 2983 830 3055 adpensum
856 2996 919 3042 erat
947 2984 1047 3044 velum
1080 2984 1130 3040 uei
1203 2977 1399 3040 Verifiutilius
1415 2981 1538 3042 omnino
1560 2973 1761 3054 videturesse,

517 3067 681 3130 aulaeum,
705 3063 786 3140 quod
810 3063 1001 3122 landoarium
1026 3078 1042 3119 a
1068 3063 1130 3119 san·
1164 3078 1218 3136 per
1231 3062 1353 3136 liguram
1379 3062 1409 3121 in
1426 3075 1509 3135 parte
1529 3064 1625 3121 antica
1642 3075 1762 3136 reprae-

517 3147 576 3210 eo
600 3143 771 3206 sanderum
794 3143 945 3203 diuidebat
972 3159 1008 3202 ex
1032 3141 1131 3202 uxou.
1165 3142 1271 3220 sentari
1301 3140 1428 3224 pesuim,
1464 3157 1521 3218 qua
1543 3137 1667 3224 [παρὰ
1691 3137 1761 3223 agai

515 3225 644 3300 XXVI,
669 3241 715 3300 3¹·
749 3225 856 3300 Statim¹
877 3224 942 3296 poli
958 3223 1018 3282 hoc
1033 3223 1126 3280 aulae·
1161 3216 1306 3304 paschalis
1331 3223 1558 3296 continebatur,
1586 3233 1616 3302 et
1631 3224 1661 3282 in
1677 3233 1761 3294 parte

515 3323 578 3368 um
598 3319 666 3364 erat
684 3321 745 3369 ara,
770 3321 827 3378 qua
846 3302 934 3363 thure
951 3301 1131 3377 supplicaba·
1166 3303 1276 3377 postica
1298 3299 1459 3382 hyssopum,
1477 3321 1550 3382 pane
1565 3301 1759 3362 adhibebatur

519 3400 602 3458 tur,
640 3385 741 3446 Exod.
764 3385 880 3456 XXX,
921 3386 966 3444 16.
990 3385 1071 3453 XL,
1092 3384 1131 3442 26
1164 3381 1205 3442 nd
1208 3375 1591 3465 spargendumfimguinem.
1615 3380 1760 3445 Cuthaee

521 3463 682 3537 xxxvii,
700 3461 749 3539 ¹25.
769 3465 846 3524 inter
862 3464 1016 3542 secundam
1032 3476 1131 3524 etter·
1165 3463 1262 3536 peluis
1281 3480 1341 3524 non
1360 3465 1412 3523 sub
1430 3467 1531 3524 eadem
1548 3465 1641 3538 figure
1663 3465 1693 3523 iu
1713 3463 1759 3522 dl-

521 3547 600 3608 tiam
626 3547 810 3608 columnam.
1164 3543 1318 3606 uersurum
1335 3557 1477 3604 annorum
1494 3545 1591 3604 numia
1607 3553 1759 3616 occurrat,

886 3671 889 3678 .
1163 3626 1227 3685 eius
1249 3625 1294 3684 rei
1313 3623 1392 3684 hattd
1422 3623 1579 3685 difficulter
1602 3626 1680 3683 ratio
1705 3625 1757 3681 ad·

563 3701 602 3766 ln
626 3715 713 3776 parte
724 3703 836 3776 postica
853 3698 1034 3776 conspicitur
1051 3699 1126 3778 lecy-
1162 3707 1233 3765 serti
1253 3703 1371 3778 potest,
1391 3703 1524 3764 simodo
1553 3703 1757 3776 perpenditur,

514 3781 595 3846 elas
615 3781 674 3843 olei
684 3777 769 3856 sacri
780 3783 899 3860 eiusque
916 3785 945 3841 in
962 3783 1126 3843 lateresru·
1160 3787 1270 3846 nullam
1292 3783 1420 3858 phialam
1439 3785 1476 3844 ad
1497 3784 1690 3858 archetypum
1704 3781 1760 3843 liu·

521 3865 591 3928 &ua
621 3861 772 3934 Balsami,
802 3866 853 3940 qui
876 3857 1000 3942 suffitus
1033 3860 1127 3921 dulcis
1160 3868 1207 3925 ina
1227 3865 1354 3943 symboli
1371 3865 1593 3936 exprimendum
1609 3861 1757 3933 exstitisse,

522 3945 671 4020 primaria
692 3957 760 4017 para
776 3943 830 4015 esi,
851 3943 948 4003 Exod.
970 3943 1060 4003 XXX.
1077 3959 1128 4017 aa·
1165 3945 1328 4006 cuiusmodi
1355 3943 1515 4018 amphorae
1542 3944 1670 4002 Mannae
1694 3957 1756 4003 nou

526 4013 579 4102 3³4
601 4021 674 4087 vu.
704 4019 910 4106 sieaplrnstus
927 4039 953 4082 c.
972 4023 992 4082 i.
1010 4040 1040 4097 p,
1057 4037 1129 4102 997.
1164 4027 1287 4095 deerat3
1311 4026 1461 4101 quaelibet
1481 4024 1583 4096 potius
1599 4021 1711 4082 familia
1720 4023 1757 4081 ad

515 4119 600 4266 259.
629 4105 805 4164 Notandum
835 4103 895 4174 eil,
930 4102 1017 4162 husus
1045 4120 1129 4176 arae,
1163 4105 1324 4166 suorvsua
1345 4105 1472 4178 proptio
1486 4106 1626 4196 utebatur
1649 4099 1759 4196 vascu-

544 4201 632 4323 55:2¹:
652 4183 1129 4339 ilitillidili‘lillzdu
1161 4185 1757 4342 iliadiiiicilili‘illl}

516 4281 647 4426 §ruffinus
682 4343 792 4422 plttriea
817 4341 907 4421 simas
944 4343 1126 4404 mentionem
1161 4347 1307 4418 notabile,
1331 4342 1409 4425 quod
1429 4359 1485 4402 ona
1505 4339 1658 4422 ende-ipae
1679 4340 1757 4399 nesle

524 4413 610 4490 fieri.'
637 4423 1028 4501 quuamadcommodate
1045 4424 1129 4483 hisce·
1156 4428 1285 4507 gemine
1303 4424 1485 4507 pressularat,
1498 4417 1593 4499 flores
1616 4419 1754 4482 ediderat

525 4503 673 4580 symbolis
699 4521 805 4566 nutum
836 4503 940 4583 signari
972 4503 1123 4578 potuisset,
1158 4522 1188 4565 aa
1210 4505 1364 4587 amygdala
1385 4506 1569 4587 ipepererae,
1600 4520 1636 4563 ex
1664 4503 1757 4564 Num.

528 4587 578 4662 qui
601 4587 859 4660 inaugurationem
883 4583 1036 4646 Pontificio
1060 4601 1123 4643 ma·
1160 4585 1255 4654 xvii,
1279 4595 1309 4653 8.
1336 4586 1448 4666 Quodsi
1459 4587 1560 4660 itaque
1578 4585 1681 4644 Simon
1696 4587 1757 4643 Aa·

524 4667 617 4737 armi,
647 4664 863 4726 restitutionem
889 4665 998 4726 rituum
1030 4663 1126 4724 sacro·
1159 4669 1293 4728 tonicam
1313 4667 1428 4742 virgam
1452 4665 1483 4724 in
1509 4681 1600 4724 numo
1629 4665 1754 4738 exprimi

524 4761 591 4806 mm
615 4758 645 4806 et
665 4746 821 4806 introimm
843 4745 946 4808 stammi
969 4741 1126 4804 Pontificio
1160 4747 1314 4808 voiuitiet:
1335 4748 1417 4806 iliam
1440 4741 1560 4822 q'uoque
1578 4749 1683 4818 procui
1701 4745 1755 4804 du·

523 4825 555 4886 sn
587 4825 716 4886 sandius
744 4826 938 4886 sauduarium
974 4825 1126 4884 coudeco·
1160 4829 1212 4888 bio
1233 4842 1292 4887 vna
1314 4843 1381 4887 cum
1407 4827 1608 4902 germinibus,
1631 4824 1754 4886 sluribus

522 4919 591 4968 rare
617 4907 766 4982 debebat,
797 4904 818 4967 si
840 4903 1052 4984 perpenditur,
1075 4903 1122 4969 Si·
1155 4919 1186 4970 et
1200 4905 1345 4971 studibur
1366 4905 1615 4985 repraesentasset.
1637 4905 1768 5044 Ειὶοὶξιχιλιὃ

581 5015 583 5020 ·
1655 5003 1674 5044 t
