4575 5700
1651 471 1721 552 xii

512 632 641 722 rorare,
665 653 830 735 quorum
852 646 976 723 tamen
1000 657 1092 736 ope,
1114 632 1232 711 modo
1257 630 1291 711 fi·
1307 634 1545 716 commodior
1564 657 1606 713 ea
1630 661 1721 717 nan-

512 736 727 813 isc'endihis
751 739 921 815 interris
954 735 1102 812 facultas
1134 733 1267 823 indict,
1303 738 1433 813 multae
1467 762 1524 813 rea
1557 738 1594 814 in
1627 737 1718 816 lexi-

512 862 648 1015 pbnpeo
670 838 801 917 obuiae
831 836 939 915 valde
971 834 1139 937 illustrari
1174 835 1347 939 potuiiie,
1390 836 1511 919 nullut
1544 839 1720 961 equidem

526 965 549 1014 u
576 962 635 1017 ιο.

591 1229 745 1408 ΝιιαΙοΙὶ
775 1234 996 1335 propediem
1030 1235 1075 1311 ad
1113 1259 1175 1313 me
1206 1190 1388 1351 perlatum
1423 1210 1478 1313 iii'
1498 1232 1604 1339 spero
1624 1236 1726 1329 ⁴„11

512 1331 619 1409 lodice
672 1332 872 1434 iplomatico
905 1333 943 1412 di
966 1332 1088 1411 Sicilia
1107 1337 1202 1433 sotto
1234 1334 1265 1411 zi
1286 1348 1440 1437 goorrao
1466 1333 1560 1438 degli
1586 1336 1721 1435 Aradi·

512 1440 555 1533 tui
584 1436 735 1531 quidem
761 1437 878 1511 codex
903 1460 1099 1536 permagna
1122 1438 1226 1537 copia
1253 1460 1452 1511 ntimOl‘um
1467 1438 1721 1532 arabicorum,

512 1538 558 1633 tui
588 1535 737 1609 illorum
763 1553 977 1632 temporum
1004 1536 1188 1627 hilloriam
1216 1536 1411 1625 illustrant,
1434 1554 1630 1612 exornatus
1656 1536 1723 1616 est.

512 1632 717 1710 ldseruatus
744 1634 928 1733 hucusque
943 1656 1018 1711 erat
1045 1634 1104 1708 hic
1129 1635 1248 1712 codex
1273 1635 1445 1710 Panormi
1467 1639 1503 1711 itt
1530 1635 1744 1713 bibliotho-

512 1759 539 1812 η
562 1733 903 1821 Benedidlinnrnm,
930 1752 967 1810 et
988 1734 1032 1809 ab
1058 1734 1247 1823 omnibus,
1273 1735 1408 1832 quibus
1437 1760 1523 1811 eum
1544 1736 1723 1833 inspicere

512 1839 713 1936 contigerat,
738 1833 826 1909 nihil
854 1835 963 1920 aliud,
986 1859 1097 1932 quam
1130 1836 1249 1911 codex
1285 1833 1643 1912 Muhamedanorum
1671 1832 1723 1912 sa-

515 1958 567 2009 oet
589 1934 655 2009 effe
675 1933 883 2033 putabatur.
944 1934 1152 2010 Postremus
1177 1937 1411 2032 imperatorie
1441 1936 1651 2011 Maroccani
1676 1935 1725 2010 le·

557 2050 622 2123 tua,
646 2036 701 2115 cui
722 2032 989 2117 ¹bibliothecam
1023 2033 1355 2134 perlustrandiille
1389 2035 1506 2110 codex
1537 2032 1725 2133 inspicien·
1775 2048 1779 2053 ’

519 2055 577 2209 dds
595 2130 851 2219 exhibebatur,
875 2156 1062 2217 errorem,
1085 2159 1160 2231 quo
1186 2133 1338 2232 quisque
1360 2133 1523 2209 imbutus
1544 2156 1632 2225 erat,
1656 2136 1725 2212 eri·

517 2236 602 2409 pair,
624 2251 664 2317 et
686 2232 757 2309 hoc
781 2233 897 2311 modo
930 2253 1117 2332 repertum
1150 2232 1219 2324 est,
1242 2234 1314 2308 hoc
1348 2232 1475 2309 codice
1508 2237 1646 2333 narrari
1672 2235 1727 2312 hi·
1762 2328 1767 2336 ι

542 2334 649 2431 oriam
671 2332 717 2409 ab
740 2358 837 2427 anno
853 2350 949 2428 327.
967 2334 1046 2432 puli
1064 2351 1190 2410 natum
1208 2331 1393 2418 Christum
1414 2334 1458 2409 ad
1469 2357 1605 2410 annum
1623 2358 1727 2434 1074,

520 2452 597 2531 quae
619 2436 665 2511 ad
689 2457 774 2511 eum
801 2436 900 2510 diem
935 2431 1132 2510 desiderata
1153 2432 1301 2520 luerat,
1326 2456 1363 2509 et
1399 2435 1592 2530 periodum
1623 2436 1724 2513 illam

519 2556 586 2610 eom
615 2533 774 2620 territur,
805 2559 877 2632 qua
909 2532 1027 2609 Sicilia
1055 2560 1168 2629 paene
1193 2550 1268 2634 tpta
1293 2535 1333 2609 in
1359 2528 1488 2608 ditione
1520 2558 1561 2608 ac
1579 2535 1721 2634 potesta·

521 2648 545 2709 la
611 2630 726 2711 'aium'
752 2633 834 2714 fuit.
898 2633 980 2713 Duo
1008 2637 1130 2733 priora
1161 2634 1267 2709 huius
1300 2634 1434 2709 codicia
1467 2632 1654 2711 volumina
1686 2637 1726 2712 in

522 2728 621 2809 lutam
646 2732 828 2833 publicam
856 2736 926 2811 iam
952 2734 1069 2811 emilia
1096 2733 1195 2821 sunt,
1221 2758 1314 2835 quae
1337 2735 1557 2908 propediem
1579 2754 1730 2837 quotuor

525 2835 643 2932 reliqua
669 2830 876 2934 l'eqtrentur.
926 2831 1047 2910 vetito
1070 2834 1120 2911 eli
1148 2833 1282 2936 lingua,
1302 2859 1373 2933 qua
1420 2832 1486 2922 tali
1511 2835 1727 2934 loquuntur,

526 2933 688 3026 contem,
728 2955 766 3036 et
802 2933 1029 3032 quibusdam·
1053 2935 1203 3012 eruditis
1239 2955 1421 3012 terrarum
1445 2935 1730 3030 septemtriona-

529 3026 602 3107 lum
631 3033 768 3134 largam
806 3037 852 3110 de
883 3057 923 3110 ea
947 3033 1139 3110 differendi
1174 3036 1360 3110 materiam
1388 3033 1573 3131 praebuit3
1595 3059 1728 3114 verum
1759 3093 1764 3101 -

532 3147 631 3208 tamen
654 3141 761 3212 etiam
797 3134 876 3231 spes
909 3132 1000 3211 fadia
1028 3134 1108 3226 est,
1139 3131 1239 3221 fore,
1265 3155 1305 3207 vt
1332 3131 1448 3208 versio
1472 3132 1632 3211 eiusdem
1658 3135 1729 3213 La·

526 3235 587 3304 rina
608 3235 648 3309 ad
677 3238 838 3331 plurium
859 3234 941 3310 usus
966 3236 1146 3334 adpareat.
1199 3238 1371 3310 Ceterum
1404 3232 1624 3335 Tycdsrnias,
1643 3260 1730 3332 pro·

528 3329 613 3408 fedor
660 3333 904 3411 Burzouienlts
958 3335 1237 3421 celeberrimus,
1285 3336 1526 3433 interpretem
1564 3336 1728 3434 partibus

532 3433 584 3510 tun
603 3433 758 3514 fideliter
782 3433 998 3514 defunstutn
1023 3433 1108 3529 elie,
1135 3433 1342 3514 testimonio
1366 3434 1430 3513 suo
1454 3430 1681 3519 confirmat·

607 3758 717 3859 Quod
743 3758 925 3860 reliquum
950 3755 1018 3845 eli,
1042 3757 1094 3837 nil
1119 3759 1237 3862 magle
1262 3756 1300 3837 in
1326 3759 1423 3835 votis
1455 3756 1591 3846 habeo,
1615 3779 1727 3860 quam

526 3867 557 3931 tt
580 3857 870 3962 benignilltmum
905 3885 1153 3940 numemvna
1190 3885 1274 3937 cum
1315 3859 1478 3959 auspiciis
1518 3863 1605 3935 noui
1644 3860 1729 3936 anni

526 3951 652 4036 ’ΝΛΜ
676 3961 856 4042 sanitatem
880 3960 1211 4054 denuo'relliruat‚
1239 3959 1438 4037 restitutam
1460 3958 1654 4052 confirmet
1679 3980 1730 4037 at·

527 4079 588 4154 que
610 4063 679 4138 ΤΕ
704 4086 779 4137 non
804 4057 918 4139 solum
945 4066 1046 4138 omni
1073 4061 1381 4161 bonorumcopia
1408 4062 1581 4146 cumulet,
1605 4058 1664 4136 sed
1691 4065 1730 4138 in

569 4157 701 4237 iterum
724 4188 874 4262 quoque
897 4187 1026 4238 omnes
1051 4162 1235 4261 podagrae
1265 4163 1429 4246 dolores',
1472 4160 1605 4256 quibua
1630 4160 1730 4240 TlBl

547 4261 694 4360 utusque
719 4265 903 4340 interdum
929 4260 1213 4339 conflidlaudum
1240 4260 1325 4350 fuit,
1342 4281 1577 4354 auertuncet,
1601 4261 1732 4339 neilu-

527 4355 575 4434 dia
597 4365 716 4449 tva,
741 4362 872 4462 quibus
897 4365 943 4440 de
968 4365 1199 4444 eruditorum
1226 4387 1332 4437 coetu
1351 4385 1543 4461 tantopere
1569 4366 1734 4458 mereris,

527 4461 614 4554 graui
639 4461 702 4538 illo
726 4485 761 4537 ct
784 4461 909 4539 odioso
939 4465 1073 4539 morbo
1100 4484 1159 4538 aut
1186 4464 1261 4537 ullo
1292 4465 1362 4538 alio
1394 4463 1635 4538 incommodo
1657 4486 1732 4539 am·

513 4559 607 4654 lplius
622 4563 923 4665 interpellentur.
947 4567 1056 4641 .Plue
1081 4562 1160 4638 t'tice
1185 4563 1336 4664 lttnplici
1368 4589 1439 4664 ego
1474 4588 1625 4660 quoque
1650 4588 1731 4641 coa·

512 4655 610 4746 dum
636 4687 695 4738 me
728 4666 803 4741 vidi
837 4670 1014 4764 patienter
1040 4663 1276 4759 eriptam,
1310 4668 1430 4739 donec
1463 4665 1645 4764 podagrae
1667 4668 1735 4740 do·

513 4748 609 4840 rlorea
641 4757 914 4842 remitterents
944 4766 1040 4841 Hinc
1071 4762 1165 4839 mihi
1197 4761 1300 4841 facile
1328 4768 1469 4851 eredes,
1493 4789 1555 4839 me
1585 4788 1735 4863 magno·

513 4873 603 4954 ¹pere
630 4861 773 4960 laeteri,
807 4868 877 4946 TE
907 4863 1155 4948 mulestilltmo
1185 4865 1250 4944 illo
1287 4865 1493 4946 studiorum
1526 4863 1734 4983 Tvottvnt

1642 4987 1738 5047 tuter
