4575 5700
595 540 670 621 745
852 514 935 590 siit
977 568 979 577 ·
1084 480 1117 505 Ἰ
1427 496 1438 505 '
1481 514 1573 589 siit

598 691 698 751 lorum
726 686 862 747 manibus
890 684 1023 761 Reginae
1044 683 1133 745 httiua
1163 692 1195 744 et
1226 683 1358 759 incitare
1375 683 1497 746 videtur
1510 686 1708 760 coplreeoml

600 770 647 831 M.
680 769 805 828 Antonii
832 769 1011 843 imaginihus
1041 764 1194 836 conspicui
1229 764 1363 826 mulieris
1383 764 1492 841 figura,
1506 766 1545 825 in
1561 769 1667 828 auersa
1685 788 1708 845 p.

598 850 702 921 narrati,
722 850 751 907 in
767 858 893 925 quorum
909 861 993 931 parte
1013 847 1104 905 altera
1116 846 1196 904 circa
1230 848 1327 915 dene,
1347 843 1367 905 s
1399 860 1490 906 manu
1513 846 1672 909 sustentat.

600 932 781 1003 Cleopatrae
800 944 888 1001 eaput
900 929 1026 1002 legitur:
1048 938 1195 985 auronu-
1229 926 1378 1002 gnominis
1396 926 1488 987 huim
1507 928 1632 1003 origine
1658 948 1708 991 cor

598 1026 681 1070 arar
702 1020 1193 1079 orrnmrmrurarrarrnmrur.
1231 1005 1360 1067 Diodor.
1391 1004 1484 1066 Sicci.
1511 1007 1550 1067 L.
1575 1010 1646 1071 xx.
1673 1028 1702 1077 c.

598 1091 673 1152 Lex.
685 1107 714 1153 n.
727 1090 764 1149 T.
777 1091 820 1147 ΙΙΙ.
835 1090 869 1148 P.
884 1090 916 1147 ll.
934 1106 963 1161 p.
976 1089 1066 1168 ero.)
1082 1083 1193 1145 Sellae·
1228 1085 1385 1147 Plutarch.
1407 1090 1438 1147 lu
1460 1088 1637 1151 Demetrio.

597 1188 663 1254 ger.
686 1172 722 1229 de
736 1171 792 1228 diis
808 1173 958 1230 seruator.
973 1171 1016 1244 sg.
1037 1177 1085 1243 38.
1103 1184 1132 1239 p.
1154 1169 1192 1229 61

599 1255 637 1311 ad
653 1252 704 1327 63.
738 1250 784 1309 Ex
800 1266 903 1308 eorum
922 1266 1029 1321 genere
1045 1247 1193 1307 suntltaee
1269 1245 1490 1307 Seleucidcrucr
1514 1248 1549 1311 in
1576 1250 1694 1312 familia

598 1331 791 1400 numismata,
811 1324 937 1404 quoium
967 1330 1127 1401 explicatio
1140 1345 1194 1387 ne·
1227 1345 1315 1405 quam
1337 1330 1428 1401 alini,
1447 1329 1705 1401 deprehendimus

599 1414 675 1491 gorii
697 1412 867 1481 plurimum,
890 1409 999 1467 sacellit
1021 1426 1119 1469 rerum
1142 1424 1193 1467 an·
1226 1412 1406 1485 cognomine
1426 1409 1597 1484 iniipnitoa.
1643 1414 1708 1473 Nan

599 1496 748 1566 niquarum
779 1486 1010 1558 scrutatoribuis;
1033 1492 1062 1549 in
1089 1490 1192 1562 primis
1225 1488 1322 1549 leucus
1339 1489 1478 1561 Nicator,
1496 1492 1646 1551 conditor
1664 1494 1708 1553 hu

605 1568 770 1645 villanum
790 1570 813 1630 l.
841 1587 870 1642 p.
891 1582 941 1643 57.
964 1569 1123 1629 sollicitum
1140 1568 1193 1627 ha·
1227 1570 1286 1635 tie,
1305 1570 1347 1628 ita
1364 1571 1459 1630 didua
1472 1570 1513 1629 eil
1531 1571 1570 1629 ab
1583 1574 1708 1633 Athenin

598 1654 664 1715 buit
679 1650 856 1710 vocabulum
877 1664 993 1719 oseam,
1013 1651 1083 1725 quin
1094 1663 1193 1709 tamen
1226 1651 1370 1711 Lemnum
1391 1650 1620 1723 incolentibua,
1642 1658 1692 1727 qui

598 1747 700 1795 eene.
715 1732 883 1809 legendum¹
898 1731 972 1791 nulli
999 1731 1192 1794 dubitarunt,
1227 1731 1395 1793 stimonium
1414 1730 1533 1791 dicente
1553 1732 1703 1791 Ardeam

601 1815 695 1874 testati
716 1830 781 1872 cum
801 1812 858 1870 nlla
883 1812 1078 1883 numismata,
1099 1809 1193 1869 Clee·
1228 1824 1259 1884 p.
1279 1824 1351 1887 255.
1373 1812 1516 1897 templum
1535 1815 1707 1875 exstruam..

599 1909 713 1971 parram
737 1906 823 1951 enar
845 1892 933 1951 ritulo
950 1893 1110 1963 vocantia,
1129 1903 1193 1949 urm
1227 1891 1407 1965 columque,
1427 1888 1480 1949 suh
1495 1894 1656 1964 epularum
1672 1911 1706 1956 en

600 1978 688 2035 etiam
717 1972 840 2034 Diouem
870 1964 994 2049 Cnffiuau
1016 1972 1085 2032 Lib.
1103 1972 1138 2032 L.
1161 1988 1192 2043 p.
1226 1972 1316 2030 bandi
1334 1962 1423 2031 causa'
1451 1972 1701 2049 defundendum,

599 2058 670 2130 496.
695 2055 815 2113 Praeter
835 2067 938 2112 orrum
957 2066 1054 2112 autem
1073 2054 1193 2112 lumen·
1227 2053 1358 2121 turine,
1396 2046 1508 2109 Seleuci
1538 2048 1708 2116 Secunmis

599 2138 640 2211 do
655 2151 775 2212 quoque
790 2136 878 2193 cubat
899 2148 1049 2192 snrunar
1063 2134 1193 2192 vocabu·
1226 2144 1316 2203 runt;
1337 2142 1368 2189 et
1386 2122 1521 2189 Seleucus
1533 2132 1591 2197 tv.
1619 2138 1706 2197 vell

599 2218 674 2287 lum,
696 2232 776 2291 quon
797 2214 931 2274 constans
946 2214 1088 2273 sermonis
1102 2214 1196 2271 Grae·
1228 2224 1299 2284 tor,
1320 2226 1376 2271 nec
1395 2226 1456 2271 non
1470 2212 1634 2275 Ammius
1648 2220 1708 2278 ΧΑ

598 2298 626 2357 ei
650 2297 717 2355 vlits
738 2296 848 2365 respuit
877 2308 908 2352 et
937 2310 1003 2353 cum
1033 2306 1194 2365 rprrrrar
1226 2294 1310 2353 sebee
1330 2291 1410 2353 hune
1434 2293 1557 2355 titulum
1584 2296 1698 2359 hahere

599 2377 775 2438 commutari
800 2375 902 2443 iubet,
921 2374 973 2432 nisa
994 2374 1118 2433 sortaihs
1136 2388 1193 2447 pro
1227 2386 1275 2433 tur
1302 2374 1380 2445 apud
1404 2368 1460 2448 hs
1484 2372 1553 2433 haar
1577 2380 1683 2457 Antiq.

599 2470 685 2517 oeae
714 2446 1108 2529 rnrerrar'reponendmn
1136 2454 1194 2513 erit
1226 2454 1264 2514 L.
1282 2456 1393 2517 Xll.·c.
1413 2390 1491 2534 h}-
1515 2472 1566 2519 ro.
1588 2458 1708 2533 posteri<

598 2548 896 2605 erarmrnrunnr,
925 2548 986 2610 quio
1013 2534 1133 2593 nomine
1164 2536 1193 2592 in
1227 2536 1263 2594 L.
1283 2534 1357 2595 Xlll.
1378 2550 1406 2593 c.
1432 2533 1532 2613 10.§.
1561 2552 1591 2599 a.
1633 2540 1708 2601 Veru

599 2618 698 2677 nunnis
720 2615 923 2687 compluribus
943 2614 1073 2691 gaudet,
1095 2629 1124 2673 et
1140 2630 1193 2687 pet
1227 2614 1465 2681 sctisnoblscst,
1485 2618 1564 2677 hane
1579 2620 1706 2695 trigami

599 2696 828 2781 excellentiam,
860 2684 944 2755 nulio
972 2696 1045 2754 deae
1072 2696 1193 2755 nomine
1227 2694 1281 2755 htu
1301 2696 1397 2755 veluti
1415 2698 1562 2775 attigili'e3
1595 2704 1701 2779 quippe

598 2778 703 2837 addito
736 2776 878 2850 adpellari
900 2774 1063 2850 Cleopatra
1082 2778 1191 2836 voluit.
1226 2792 1322 2852 neque
1342 2792 1471 2850 numne,
1490 2794 1589 2858 neque
1612 2783 1708 2858 lapidet

604 2857 692 2921 Vaill.
711 2858 788 2922 illst.
811 2855 940 2918 Ptolem.
960 2876 991 2933 p.
1014 2865 1071 2935 ¹89
1088 2859 1133 2938 sq.
1226 2857 1393 2929 sraperiiitee
1412 2860 1575 2936 nouimus,
1594 2862 1655 2924 hoe
1667 2867 1708 2923 tin

606 2969 611 2982 -
1226 2952 1323 2998 tatus:
1347 2940 1400 3012 ita,
1420 2942 1708 3016 quodadposteriore

642 3015 830 3090 Demetrius,
848 3014 1035 3095 Polyrrctrac
1053 3035 1069 3080 a
1084 3033 1192 3080 totex·
1227 3021 1355 3092 attinet,
1374 3021 1464 3082 valde
1501 3022 1619 3086 dubitat
1655 3022 1708 3086 Scll

597 3104 736 3178 pugnatis
747 3103 871 3172 urbibus
886 3117 992 3160 nomen
1006 3107 1193 3170 consecutus,
1227 3100 1347 3159 comm.
1369 3101 1493 3174 praeeit.
1533 3121 1565 3178 p.
1588 3107 1640 3180 65.
1658 3123 1689 3166 au

602 3183 771 3242 Seruaeoris
794 3183 883 3240 tinulo
905 3193 1026 3242 ornatus
1045 3183 1075 3241 in
1100 3198 1192 3242 numo
1228 3180 1369 3252 adpellari
1398 3180 1453 3241 lint
1480 3199 1632 3262 umquam,
1681 3185 1708 3244 V*

598 3277 665 3322 eum
696 3260 856 3334 epigraphe
890 3275 1047 3320 attinens
1084 3279 1192 3322 altmar·
1227 3259 1365 3335 profesto
1386 3255 1497 3345 loseplpc'
1520 3267 1627 3338 locare,
1647 3282 1699 3344 qtae

601 3357 698 3404 antor
717 3357 877 3402 rnruror.
894 3354 923 3399 et
934 3342 1027 3417 figura
1038 3341 1192 3403 muliebris
1227 3356 1305 3428 tur,-
1319 3341 1369 3417 qui
1384 3341 1447 3404 hoe
1458 3361 1628 3422 cognomen
1644 3347 1701 3420 ipis

599 3424 751 3486 seminuda
772 3423 910 3488 sedente,
945 3424 966 3483 s.
993 3425 1193 3502 cornucopiae
1227 3437 1315 3486 cant.
1338 3422 1480 3485 sublestae
1495 3429 1538 3486 esi
1554 3429 1634 3490 srdei.
1665 3423 1708 3508 spa

601 3516 743 3575 tenente,
763 3520 779 3562 a
799 3500 966 3562 Scllceaern
984 3499 1009 3561 Ι.
1028 3519 1054 3569 c.
1074 3503 1117 3578 fg.
1142 3519 1191 3578 39.
1226 3501 1275 3562 Pr.
1300 3503 1488 3588 l.-p.·4t4.)
1509 3535 1552 3554 ·-
1591 3509 1708 3570 Primum

599 3603 632 3661 p.
653 3587 703 3662 64.
720 3585 769 3665 65.
786 3601 821 3643 en
838 3554 952 3665 Wulsg.
972 3581 1064 3642 Lario
1080 3587 1192 3644 Rerum
1226 3595 1335 3658 pente,
1370 3601 1459 3661 quem
1480 3587 1558 3664 lapia
1578 3589 1708 3650 vetustum

603 3669 740 3730 Graecar.
764 3665 800 3726 Ι..
819 3665 841 3726 Ι.
862 3683 892 3740 p.
912 3675 962 3738 ας.
980 3663 1126 3737 exhibito,
1141 3667 1191 3742 qui
1226 3666 1385 3744 indigitat,
1405 3659 1523 3730 Seleucl
1546 3671 1708 3732 Nicatoris*

600 3751 703 3820 etiam,
724 3763 790 3808 cum
810 3763 845 3806 ex
866 3746 975 3818 apertis
992 3744 1109 3806 indiciis
1125 3765 1192 3807 eum
1228 3747 1307 3812 lius.
1336 3747 1505 3811 Antiochue
1529 3750 1553 3813 l.
1582 3752 1708 3814 Matirtu

597 3829 732 3888 vindicer
752 3828 974 3897 Macedoniae,
996 3843 1081 3902 quem
1099 3829 1128 3886 in
1145 3827 1194 3887 sua
1228 3827 1317 3886 titulo
1338 3829 1368 3887 in
1382 3825 1601 3906 Psephlsmate,
1618 3829 1708 3910 quodi

598 3909 935 3984 potcstatealiquamdiu
949 3905 1054 3968 habuit
1073 3909 1194 3968 Polior·
1227 3906 1373 3968 honorem
1394 3907 1558 3984 posuerunt
1578 3913 1672 3990 sirei,
1696 3925 1708 3968 e

597 4006 696 4059 cetea,
719 3989 802 4050 simul
821 3989 907 4047 diluit
925 4005 1026 4048 eornm
1047 3989 1192 4050 obiectio·
1227 3988 1297 4047 ditia
1324 3993 1548 4054 commentariis
1569 3993 1708 4056 dilucidata

594 4089 684 4144 nam,
706 4072 757 4148 qui
774 4068 914 4128 numisma
932 4071 1006 4130 iilud
1023 4070 1192 4130 Seleucida·
1226 4069 1322 4128 lucen
1337 4071 1479 4144 produxit
1496 4071 1642 4136 danna,
1662 4069 1708 4144 cli

594 4167 660 4212 rum
684 4151 839 4211 Demetrio
859 4149 882 4210 l.
901 4151 1070 4210 adiudicare
1084 4151 1191 4211 sortas-
1226 4151 1375 4226 quietiam
1388 4151 1524 4226 lacunae,
1536 4154 1708 4234 qulbualrpit

594 4233 634 4293 sna
656 4231 842 4294 instituerint.
875 4225 1028 4312 Speciem.
1049 4231 1097 4292 Pr.
1116 4231 1141 4292 1.
1159 4250 1190 4306 p.
1225 4231 1390 4294 maculatae
1410 4233 1466 4300 esi,
1495 4237 1708 4304 felicisimum

593 4321 670 4390 48.
694 4345 727 4358 —
772 4313 902 4388 Dignum
927 4329 1002 4371 vero
1022 4311 1082 4372 hoc
1101 4315 1191 4373 titulo
1225 4312 1463 4377 Numiciusdem
1474 4319 1618 4378 Antiochi
1636 4317 1708 4378 hcm

596 4392 783 4454 Demetrium
811 4409 877 4454 cum
905 4407 989 4464 parre
1022 4395 1192 4454 iudicarunt
1225 4409 1329 4455 rtaror
1350 4399 1487 4460 encomio
1506 4399 1635 4462 rarlffini
1656 4395 1708 4456 hah

596 4475 815 4547 Athenienses,
835 4475 987 4550 postquem
1006 4473 1112 4534 horum
1129 4473 1190 4534 lle·
1226 4475 1334 4554 Hayen.
1355 4477 1419 4539 Th.
1433 4479 1484 4540 Br.
1513 4481 1540 4543 Ι.
1567 4497 1599 4556 p.
1628 4479 1708 4554 apli

596 4571 666 4630 gum
685 4572 775 4627 opera
796 4569 826 4614 er
842 4556 948 4614 ciuicae
966 4554 1191 4616 Athenienstein
1224 4555 1334 4617 Silium
1357 4558 1501 4620 eiusnzodl
1536 4577 1641 4624 nunma
1663 4569 1708 4616 em

594 4636 747 4710 pristinam
770 4636 934 4695 libertatem
960 4635 1029 4694 ellct
1048 4636 1191 4708 restituta,
1225 4651 1396 4700 amrroxor
1408 4639 1570 4718 inscriptoa
1588 4637 1708 4704 crude

596 4729 627 4776 ot
648 4716 697 4790 ei,
726 4730 843 4788 praeter
865 4731 983 4778 centum
1008 4729 1038 4777 et
1065 4718 1190 4794 quadra·
1223 4715 1306 4780 rieck
1324 4719 1394 4782 Cat.
1411 4721 1439 4784 1.
1454 4721 1530 4802 44.)
1553 4715 1708 4786 ΓνοιΙὶὠ.Ι

593 4798 678 4872 ginta
695 4797 790 4856 mlllla
810 4798 989 4858 medimnum
1009 4799 1191 4864 triticl,ma-
1224 4800 1291 4874 Syr.
1321 4801 1381 4862 Th.
1415 4821 1447 4882 4.
1474 4803 1541 4882 spg.
1568 4819 1615 4880 rs.
1642 4809 1708 4878 Ι4·1

592 4880 670 4938 teria
694 4880 732 4940 ad
753 4891 870 4939 centum
883 4879 1017 4938 triremes
1039 4881 1191 4941 faciendas
1225 4881 1355 4961 idemque
1369 4881 1446 4945 Not.
1457 4883 1556 4948 Elem.
1572 4885 1631 4948 Th.
1645 4875 1708 4956 13ιῆ

593 4957 747 5050 submissu,
782 4958 818 5024 ad
845 4973 933 5038 quam
950 4960 1190 5041 ,munificentiam
1226 4957 1346 5043 uvffm
1382 4963 1481 5050 Num,
1506 4967 1587 5054 Rea.
1611 4961 1708 5104 ipro)1
