4575 5700
562 467 631 542 xil

563 630 666 729 quod
694 636 847 708 omnino
871 611 1140 731 praeterierim,
1164 654 1207 709 er
1228 646 1375 722 ruente,
1397 648 1441 706 vt
1462 629 1609 739 lenieon
1643 652 1772 717 rneutu.

563 731 687 832 quoad
713 733 790 807 eius
823 730 900 808 fieri
929 735 1063 831 potest,
1098 730 1303 833 persedum
1333 732 1519 823 prodiret,
1542 755 1583 806 oc
1605 752 1772 806 numeror

563 830 807 1033 q'qqgcrrum,
833 856 924 934 quas
950 852 1093 922 vocant,
1119 850 1236 935 poene
1259 828 1421 947 inlinitur
1442 833 1510 909 rite
1535 829 1696 933 digestus
1720 828 1774 907 od·

660 1130 747 1227 Quo
771 1124 916 1227 longius
934 1153 1024 1204 vero
1051 1131 1088 1206 in
1114 1141 1215 1204 tanto
1243 1125 1773 1226 uocumqueimmensocem·

562 1250 613 1329 po
640 1227 846 1329 progrelsus
868 1227 968 1320 sum,
991 1254 1036 1304 eo
1061 1232 1177 1329 nugis
1207 1224 1313 1319 senfi,
1337 1231 1425 1327 quid
1459 1229 1596 1304 valeant
1623 1226 1776 1313 humeri.

562 1331 652 1428 quid
681 1326 779 1403 ferre
805 1327 987 1425 recusent3
1012 1347 1049 1405 et
1073 1330 1144 1405 ianr
1169 1329 1519 1405 nuncmultndeelie
1543 1331 1774 1429 videoqure.

561 1448 674 1529 prout
712 1430 796 1503 volo
831 1445 868 1502 et
894 1453 952 1503 res
984 1427 1056 1529 ipsa
1087 1427 1261 1530 postulet,
1299 1426 1467 1528 supplere
1498 1453 1655 1526 nequeo.
1711 1426 1775 1503 Sed

561 1553 653 1604 num
678 1529 714 1601 in
740 1531 927 1603 communi
956 1551 1080 1603 rerum
1103 1527 1345 1605 huminrrum
1364 1528 1657 1629 imperfectione,
1681 1526 1776 1627 quod

511 1648 514 1657 ·
563 1627 669 1728 plane
703 1627 908 1727 perfedum
941 1623 985 1703 srt
1015 1626 1256 1723 omnibusque
1287 1632 1451 1729 numeris
1491 1628 1717 1719 absolutum,
1737 1626 1776 1703 rb

561 1728 638 1805 vllo
664 1726 815 1803 homine
867 1730 975 1803 oterit
997 1727 1220 1828 exspedanl
1251 1734 1292 1801 ln
1316 1728 1455 1805 curtilis
1476 1727 1671 1803 hominurn
1699 1750 1779 1827 ope·

561 1828 662 1903 ribus
689 1828 800 1904 multo
839 1826 967 1929 emper
989 1849 1117 1915 erunt,
1142 1852 1255 1927 quoe,
1278 1850 1318 1902 vt
1350 1854 1435 1905 cum
1461 1828 1616 1904 Horatio
1642 1828 1778 1926 loquor,

561 1925 721 2003 humana
754 1947 879 2003 nature
916 1951 1044 2028 parum
1076 1952 1205 2003 cauere
1237 1930 1409 2027 potuerit.
1476 1932 1517 2004 ln
1553 1952 1594 2002 re
1619 1928 1778 2003 numerio

561 2048 730 2103 veterum
756 2026 852 2104 houd
882 2051 991 2126 pauco
1017 2027 1095 2104 sum
1113 2049 1187 2104 tom
1214 2027 1382 2115 obscuro,
1406 2047 1481 2105 tum
1503 2028 1685 2126 ambigua.
1707 2046 1776 2102 torn

560 2126 742 2213 intricata,
768 2148 808 2202 vt
834 2125 1064 2227 peritiffirnus
1088 2126 1240 2229 quisque
1265 2150 1307 2204 ee
1324 2129 1483 2207 dilucide
1506 2152 1544 2205 et
1568 2126 1650 2205 sotis
1674 2126 1777 2205 odcu·

560 2245 638 2303 rete
662 2226 846 2328 explicare
878 2244 1046 2328 nequeat.

659 2426 813 2523 Quoties
837 2425 886 2501 de
915 2424 1037 2504 numir
1070 2424 1307 2509 Samaritenir
1331 2425 1504 2528 cogitaui,
1526 2426 1658 2514 toties,
1681 2426 1783 2529 inge.

560 2547 632 2599 nue
659 2525 797 2618 fateor,
822 2523 959 2602 horror
983 2526 1131 2625 quidum
1160 2528 1231 2601 ima
1266 2548 1332 2623 per
1366 2527 1435 2601 otia
1466 2529 1637 2603 cucurrit.
1700 2530 1777 2603 tlon

559 2624 659 2699 enim
685 2624 780 2725 fugit
805 2650 877 2715 me,
902 2649 1014 2726 qunnr
1038 2621 1323 2701 controuersiam
1333 2627 1399 2704 cel:
1416 2624 1636 2729 Tychsenius,
1646 2623 1777 2703 Sellae·

554 2726 977 2924 lizl‘slll‘nlll:
1009 2725 1125 2900 ‘lul
1141 2733 1361 2901 nltllllc
1389 2746 1517 2902 noge
1545 2724 1778 2904 §.lilii

557 2923 684 3002 natiue
706 2920 813 3004 effem
837 2922 1132 3006 Reuerendiffimi
1154 2923 1394 3026 Bayeriopur
1414 2925 1461 3001 de
1480 2852 1603 3002 nuprnie
1627 2928 1779 3003 Ebrreo·

558 3027 807 3112 Samaritanis,
830 3027 1000 3104 articulus
1031 3025 1090 3100 hic
1120 3023 1296 3101 munliliet
1326 3025 1435 3100 rebor
1469 3028 1575 3101 vnlde
1606 3027 1779 3104 inaniret

558 3125 827 3226 proculdubio
853 3129 979 3226 peritis
1004 3125 1107 3201 lexici
1132 3127 1204 3202 mei
1234 3122 1430 3200 tectoribus
1453 3123 1694 3203 vehementer
1716 3123 1779 3203 dil'·

559 3223 745 3330 plicuisset.
796 3227 984 3324 Quidquid
1017 3221 1232 3322 scriptores,
1257 3224 1319 3321 qui
1355 3244 1438 3300 onte
1465 3250 1550 3302 eum
1584 3225 1631 3302 de
1666 3225 1778 3304 hocce

559 3349 760 3401 numurum
793 3349 930 3425 genere
962 3322 1042 3400 sunt
1074 3325 1332 3410 commentati,
1353 3325 1390 3397 iu
1423 3326 1587 3403 medium
1619 3329 1778 3427 protule·

559 3447 651 3511 runt,
674 3428 765 3501 odeo
791 3449 921 3526 parum
944 3442 1032 3508 eret,
1056 3441 1096 3498 vt
1118 3425 1165 3498 td
1188 3447 1319 3497 eurum
1351 3419 1463 3498 fidem
1493 3444 1596 3502 extra
1629 3449 1779 3503 omnem

519 3569 521 3574 ·
558 3526 795 3602 dubitationis
816 3524 929 3600 oleum
950 3523 1160 3624 ponendum
1178 3521 1327 3621 prorsus
1352 3547 1426 3598 non
1450 3521 1642 3603 sufficerer.
1687 3531 1781 3604 ilinc

560 3627 686 3704 'credas
712 3625 802 3702 mihi
836 3626 969 3711 velim,
994 3623 1066 3700 Vir
1095 3622 1260 3702 Maxim
1281 3620 1491 3714 Reuerendo,
1525 3625 1577 3700 nil
1600 3647 1781 3727 opportu-

560 3727 643 3804 nius
668 3726 757 3814 mihi
782 3725 944 3801 occidere
970 3722 1129 3820 potuilie,
1154 3747 1264 3822 quom
1288 3748 1373 3797 eum
1399 3725 1539 3802 litterae
1558 3727 1691 3804 Tvnu
1714 3747 1784 3806 vul

559 3853 645 3904 curn
669 3821 966 3926 procstnntiffimu
982 3821 1181 3922 opusculo,
1220 3847 1296 3899 non
1321 3823 1483 3926 vulgari,
1506 3823 1567 3902 sed
1598 3825 1706 3926 plone
1729 3851 1782 3904 re·

560 3929 706 4004 condito
732 3925 896 4000 dotlrinu
912 3922 1066 4009 referto,
1089 3922 1133 3997 nd
1153 3947 1214 4002 nte
1233 3925 1485 4024 peruenirent,
1508 3949 1584 4026 quo
1608 3925 1689 4002 sone
1704 3929 1785 4028 plur

561 4027 651 4106 lucis
673 4026 820 4130 Buyerii
846 4027 949 4124 operi
978 4019 1143 4100 adfusum
1168 4021 1233 4105 est.
1282 4025 1383 4100 ’ΝΑ
1407 4025 1537 4102 iudicio
1561 4026 1699 4126 ubique
1710 4049 1785 4105 tuot

591 4129 707 4215 eruin,
731 4150 805 4203 um
829 4150 913 4202 vero
936 4144 972 4200 et
997 4119 1102 4201 firmo
1125 4121 1192 4199 elie
1222 4123 1402 4211 intellexi,
1433 4147 1472 4200 vt
1495 4149 1537 4202 eu
1560 4124 1678 4203 lexico
1702 4151 1787 4206 meo

559 4152 675 4304 ium.
701 4229 759 4306 tv.
784 4229 821 4302 P.
848 4231 874 4304 Ι.
898 4217 934 4326 ’μ
961 4247 1065 4317 ¹770·
1095 4247 1203 4318 ¹77¹·
1227 4226 1391 4301 intexere
1415 4249 1491 4302 non
1515 4224 1786 4319 dubitauerirne

559 4329 685 4404 Tvns
711 4351 800 4406 veru
823 4321 991 4404 Remarlrs
1004 4349 1047 4401 ou
1063 4321 1189 4424 lewssi
1211 4327 1320 4402 coins·
1337 4349 1404 4426 per
1425 4328 1522 4413 iude,
1543 4349 1584 4402 nc
1605 4353 1692 4404 eum
1717 4351 1789 4408 vu·

560 4425 797 4529 epistolarum
824 4425 911 4514 feci,
933 4429 1092 4526 integrus
1115 4421 1355 4512 inseruillenn
1380 4423 1444 4502 nist
1469 4424 1585 4502 foillet
1610 4425 1701 4503 mihi
1725 4453 1787 4506 ve·

559 4528 737 4620 rendunt,
761 4551 806 4606 ne
829 4529 859 4606 is
884 4527 1054 4606 rrticulus
1078 4527 1208 4606 ceteris
1230 4525 1323 4605 iulio
1347 4523 1494 4630 longius
1517 4528 1789 4608 extenderetur.

661 4750 900 4852 Qunpropter
937 4747 1060 4836 Tllil,
1099 4737 1171 4820 Ver
1205 4741 1371 4821 Maxime
1403 4738 1618 4831 Reuerendo,
1658 4743 1789 4848 grotitt

561 4873 653 4956 rgo,
676 4873 767 4952 quoe
791 4849 929 4958 polium
954 4847 1134 4928 maximus
1166 4839 1394 4943 maioresque
1424 4843 1561 4941 habeo,
1591 4846 1695 4947 quod
1720 4867 1789 4964 pro

1739 4971 1789 5024 rn-
