4575 5700
655 1486 659 1495 Ι
707 1530 895 1643 Maxime
923 1532 1176 1623 Reuerendo
1195 1560 1243 1621 ac
1273 1531 1514 1623 Dubiitiimo
1746 1636 1755 1655 ,

571 1694 1087 1839 snuvuur
1198 1698 1664 1810 urrunnu
1741 1764 1747 1871 3

694 1934 696 1949 '
1023 1936 1050 1989 8.
1087 1941 1123 1991 D.
1159 1938 1194 1998 Ρ.
1671 1934 1674 1939 ’

839 2051 902 2130 Iu.
930 2050 1178 2157 christoph.
1206 2050 1401 2161 Busche.

514 2416 609 2559 Qu
633 2452 754 2551 rarius
777 2474 873 2553 opua
895 2452 1044 2551 aliquod
1078 2452 1123 2530 ad
1154 2450 1385 2551 antiquitates
1407 2446 1634 2529 illustrandae
1656 2470 1739 2550 per·
1827 2516 1830 2523 .

513 2562 630 2633 tinent
654 2556 693 2631 iu
716 2554 914 2629 Germania
945 2555 1001 2630 hia
1032 2552 1264 2653 temporibus
1298 2553 1472 2654 prodeat,
1532 2550 1605 2627 uod
1637 2550 1737 2652 apud

516 2677 660 2733 exteros
684 2676 762 2730 non
785 2648 857 2729 stne
890 2652 1013 2754 plausu
1048 2656 1268 2752 excipiatur,
1291 2677 1336 2728 eo
1366 2578 1666 2729 honoribcentiua
1687 2644 1742 2759 est

517 2756 708 2841 iudicium,
731 2778 807 2852 quo
833 2754 919 2842 TV,
942 2755 1015 2831 Ver
1038 2748 1426 2841 MaximeReurrende,
1446 2752 1590 2829 iexicun
1616 2773 1744 2829 meunt

517 2861 567 2934 rei
595 2857 785 2932 numariae
822 2877 991 2931 veterum
1022 2857 1165 2958 dignari
1200 2855 1358 2932 voluisti.
1425 2857 1502 2952 Ego
1537 2878 1624 2929 tero
1658 2854 1743 2929 iicet

520 2957 613 3057 ipse,
643 2978 755 3054 quum
789 2956 962 3054 exiguum
996 2960 1102 3057 operi
1135 2979 1221 3030 meo
1256 2957 1416 3055 pretium
1440 2953 1667 3029 statuendum
1692 2945 1747 3040 stt,

524 3057 640 3158 probe
665 3056 793 3130 sciam:
817 3073 971 3153 utraque
994 3074 1117 3131 tamen
1141 3057 1242 3127 ’ΝΑ
1274 3052 1424 3151 epistola
1454 3053 1546 3129 adeo
1577 3079 1637 3129 me
1661 3053 1749 3128 inci·

524 3176 639 3233 tatum
664 3154 798 3240 sentio,
822 3173 862 3229 ut
888 3153 959 3230 stne
982 3156 1065 3231 vila·
1076 3153 1269 3230 timiditate
1293 3157 1331 3227 in·
1352 3153 1497 3228 edendo
1521 3154 1638 3230 lexico
1662 3175 1751 3228 meo

520 3279 678 3360 pergere
701 3253 906 3356 omnesque
929 3277 1028 3332 meas
1063 3257 1160 3333 vires
1193 3254 1310 3355 magia
1342 3251 1529 3355 magisque
1558 3255 1751 3333 intendere

523 3357 794 3437 conttituertm.

465 3549 468 3634 ζ
622 3554 683 3631 nd
710 3553 806 3631 bunc
833 3549 947 3654 usque
971 3566 1123 3630 aetatem
1148 3547 1325 3628 eiusmodi
1351 3550 1495 3630 iexicon
1520 3555 1754 3633 eruditorum

465 3645 467 3660 '
522 3658 643 3739 coetui
671 3652 787 3730 deeffe
810 3654 1021 3742 videbatur;
1045 3672 1081 3727 et
1107 3652 1308 3752 quamlibet
1333 3650 1470 3751 saepius
1504 3654 1574 3730 tale
1609 3655 1756 3754 publice

522 3750 833 3958 {firmabunt
851 3773 962 3929 “iiii
988 3752 1571 3950 sftss‘t'tnttflttt‘ttt
1596 3755 1755 3935 {iniit

524 3967 630 4062 Opus
654 3954 726 4033 cet.
753 3954 800 4028 de
816 3949 983 4054 aufferre,
1008 3953 1181 4056 quudVi.
1207 3951 1456 4030 voluminibus
1479 3955 1515 4029 in
1539 3955 1705 4056 Hispania
1721 3957 1769 4032 in‘

529 4063 659 4139 iucem
688 4054 869 4154 publicam
897 4058 1005 4149 exiit,
1031 4077 1147 4131 vuum
1172 4049 1280 4130 huius
1303 4059 1448 4152 generis
1474 4074 1569 4145 erat,
1596 4059 1697 4156 quod
1722 4059 1761 4134 in

528 4161 613 4238 rsus
639 4177 746 4231 meua
770 4177 989 4232 conuertere
1013 4173 1182 4255 poteram
1207 4171 1316 4252 atque
1340 4156 1448 4230 etiam
1477 4151 1673 4234 studebam·
1717 4161 1765 4233 At

529 4284 642 4363 quam
672 4254 1046 4353 imperfeiiumiliud
1071 4253 1298 4353 reperiebam
1329 4253 1364 4328 in
1387 4252 1602 4332 definiendis
1628 4255 1769 4333 metalli

532 4355 732 4465 generibus
759 4379 1035 4456 nummumque
1054 4354 1226 4432 modulo!
1250 4355 1370 4451 Quum¹
1387 4378 1515 4456 parum
1535 4381 1648 4456 opera
1667 4355 1767 4434 haud

534 4457 820 4544 contemnenda,
845 4480 939 4556 qune
966 4455 1047 4557 post
1073 4455 1164 4531 ittud
1192 4454 1376 4554 prodiere,
1404 4457 1441 4540 in
1469 4454 1664 4535 tirbfidium
1690 4457 1769 4534 fue·

536 4580 623 4640 runt
649 4554 833 4634 adhrbita!
859 4559 972 4656 Quod
999 4556 1152 4655 quidem
1175 4579 1260 4630 cum
1285 4555 1635 4636 animaduerterem:
1661 4557 1771 4634 eudi-

535 4660 714 4765 ligentiua
740 4661 943 4735 cauendum
967 4657 1079 4749 duxi,
1103 4681 1169 4744 ne,
1234 4678 1299 4733 uae
1332 4653 1459 4756 paffint
1483 4655 1614 4736 frustra
1642 4659 1680 4734 in
1707 4656 1772 4734 iiio

539 4765 639 4843 libro
663 4779 836 4859 quaerar,
861 4761 898 4837 in
934 4756 1053 4835 iexioo
1087 4780 1175 4834 meu
1206 4681 1508 4833 besiderarentur.
1558 4761 1629 4835 Vix
1654 4758 1775 4838 ullum

541 4862 658 4945 astat
689 4881 809 4963 opua,
850 4860 891 4944 iu
922 4881 1002 4963 quo
1032 4857 1081 4938 de
1110 4879 1153 4938 re
1180 4855 1431 4939 numismatiea
1453 4875 1624 4941 ueterum
1646 4858 1780 5035 οςὶωὲ,

1674 4981 1750 5059 quo
